3450 5800
401 813 473 886 144
777 832 886 884 ursan
909 833 1167 884 munavnusls.

397 1008 479 1071 runt
491 1022 612 1071 omnes
623 1000 668 1070 ad
680 1001 810 1093 podum
824 999 944 1071 Sancti
958 999 1082 1084 Ilduti3
1099 1007 1138 1070 et
1149 997 1252 1070 ambo
1265 997 1430 1070 Morcant
1442 1000 1535 1083 Rex,

398 1124 436 1188 et
454 1115 565 1199 Frioc,
581 1118 807 1209 praesentibus
822 1116 892 1186 illis
908 1117 1077 1200 omnibus,
1098 1138 1202 1208 super
1218 1115 1327 1186 altare
1344 1114 1465 1186 Sancti
1484 1116 1536 1186 Il-

399 1231 492 1304 dutil
509 1235 710 1326 antepositis
733 1233 859 1304 sanctis
875 1232 1038 1325 reliquiis,
1057 1233 1263 1324 juraverunt
1285 1233 1344 1314 ita,
1366 1239 1409 1303 ut
1429 1232 1536 1302 simul

398 1348 535 1420 firmam
556 1373 679 1443 pacem
700 1351 792 1420 inter
808 1372 845 1420 se
861 1348 935 1419 sine
951 1350 1032 1419 dolo
1047 1356 1223 1432 tenerent3
1249 1357 1286 1419 et
1305 1350 1357 1418 ita
1371 1349 1435 1420 tali
1451 1372 1537 1420 con-

398 1467 570 1549 ventione,
584 1473 624 1535 ut
641 1467 669 1536 si
686 1490 775 1537 unus
792 1465 942 1537 alterum
954 1466 1136 1548 occideret,
1150 1461 1228 1536 aut²
1243 1465 1277 1535 ei
1293 1466 1413 1535 dolum
1429 1467 1536 1536 infer-

398 1589 462 1664 ret,
488 1581 584 1653 nullo
606 1605 643 1653 se
663 1581 731 1653 alio
752 1584 858 1653 modo
878 1581 1074 1665 redimeret,
1100 1603 1183 1676 agro
1205 1603 1270 1651 nec
1292 1591 1446 1676 argento,
1470 1583 1535 1653 sed

397 1721 544 1792 regnum
561 1723 661 1770 suum
679 1700 837 1792 quietum
854 1699 1029 1780 clamaret,
1046 1705 1084 1769 et
1100 1698 1209 1768 vitam
1225 1719 1324 1767 suem
1339 1705 1453 1768 totam
1470 1698 1536 1767 du·

399 1813 854 1911 ceretinperegrinatione.³
888 1813 973 1884 Post
985 1813 1138 1884 multum
1151 1837 1232 1886 vero
1245 1812 1537 1908 0000004100-

399 1930 504 2002 dente
521 1929 686 2021 Diabolo)
703 1931 831 2001 oceidit
853 1930 934 2001 Rex
951 1929 1117 2001 Moreant
1133 1927 1235 2001 Frioc
1251 1939 1413 2025 patruum
1430 1954 1536 2001 suum

399 2046 493 2131 dolo;
519 2056 557 2118 et
572 2072 614 2118 00
631 2048 753 2131 000100,
767 2047 865 2118 venit
881 2047 961 2116 Rex
975 2044 1140 2118 Morcent
1156 2047 1201 2117 ad
1214 2045 1419 2118 Oudoceum
1432 2045 1538 2139 Epis-

397 2185 534 2254 copum,
547 2165 685 2234 veniam
701 2163 877 2255 requirens
890 2163 933 2232 de
945 2163 1095 2255 perjurio
1107 2163 1200 2233 facto
1213 2163 1316 2234 simul
1329 2186 1410 2234 cum
1420 2162 1537 2232 homi·

399 2277 489 2348 cidio
505 2285 713 2372 perpetrato,
731 2279 775 2349 ad
792 2278 974 2349 ecclesiam
992 2277 1216 2349 Laudaviam.
1268 2278 1316 2349 Et
1329 2279 1448 2349 audita
1459 2275 1536 2370 ejus

398 2394 577 2487 petitione,
600 2395 779 2466 mandarit
801 2392 993 2487 Episcopus
1010 2393 1196 2466 Oudoceus
1215 2404 1358 2488 propter
1374 2393 1537 2466 Abbates

400 2510 507 2580 trium
527 2513 832 2606 congregationum
859 2533 1008 2593 suarum,
1026 2508 1186 2582 Coneen⁶
1202 2510 1382 2582 Abbatem
1399 2511 1533 2594 Catoci,

399 2625 531 2721 Sulgen
549 2626 727 2700 Abbatem
748 2627 922 2710 Docunni,
944 2626 1089 2721 Congen
1106 2626 1285 2698 Abbatem
1307 2626 1429 2710 Ilduti,
1450 2650 1534 2697 cum

278 2745 279 2750 ’
398 2744 469 2814 suis
485 2741 644 2816 Clericis⁶
661 2745 877 2838 congregatis
893 2744 930 2812 in
946 2765 1056 2813 unum
1071 2743 1109 2812 in
1125 2752 1246 2814 sancta
1265 2742 1397 2814 Sinodo
1422 2744 1537 2814 omni·

398 2858 462 2930 bus
482 2861 527 2931 ab
548 2857 653 2931 ostio⁷
671 2860 816 2955 Toratyr
831 2883 879 2955 yg
890 2858 972 2953 Guy
987 2882 1097 2952 usque
1113 2860 1158 2931 ad
1174 2856 1319 2929 ostium⁷
1334 2857 1433 2954 Tyui.
1484 2859 1537 2930 Et

397 2979 494 3047 venit
510 2977 591 3048 Rex
607 3000 688 3047 cum
704 2977 896 3048 senioribus
912 2974 1153 3060 Morcanhuo,⁸
1170 2978 1308 3047 obviam
1324 2975 1395 3047 illis
1411 2977 1455 3047 ad
1470 3000 1538 3069 po-

398 3090 481 3160 dum
499 3093 649 3164 Cerbani
666 3093 773 3176 vallis,
791 3094 835 3163 ad
851 3093 1088 3185 recipiendum
1098 3094 1271 3185 judicium
1289 3093 1332 3163 de
1347 3092 1536 3162 malefacto

398 3228 470 3289 suo,
488 3231 569 3278 cum
586 3232 721 3279 summa
737 3209 983 3280 satisfactione:
1010 3216 1047 3279 et
1063 3210 1168 3303 plena
1180 3208 1338 3292 Sinodus,
1350 3208 1538 3301 prasentia

399 3320 557 3394 Oudocci
571 3324 743 3417 Episcopi,
754 3326 927 3417 judicavit
942 3333 1084 3418 propter
1095 3326 1281 3396 orbitatem
1294 3325 1399 3419 regni,
1411 3346 1457 3395 ne
1468 3324 1537 3396 fie-

398 3448 454 3510 ret
475 3442 549 3511 sine
571 3449 776 3535 protegente
792 3439 930 3536 clypeo⁹
947 3442 1077 3513 domini
1094 3443 1269 3526 naturalis,
1287 3442 1538 3536 peregrinatio-

398 3579 481 3627 nem
502 3556 595 3628 illius
614 3558 766 3650 jejuniis,
783 3566 821 3629 et
837 3559 1059 3641 orationibus,
1076 3567 1114 3629 et
1130 3559 1337 3653 elemosynis
1352 3559 1535 3642 redimere,

398 3674 502 3744 simul
519 3696 599 3744 cum
615 3674 801 3745 homicidio
813 3675 1002 3768 perjurium
1018 3698 1219 3769 expurgare.
1270 3675 1319 3745 Et
1336 3674 1417 3745 Rex
1434 3673 1539 3745 Mor-

399 3798 481 3860 cant
505 3812 644 3861 assensu
669 3792 843 3861 seniorum
869 3790 1096 3875 Morcanhuc‚
1125 3792 1242 3885 posuit
1266 3814 1410 3862 manum
1435 3814 1534 3861 suam

399 3923 503 3999 super
524 3916 673 3999 quatuor
696 3907 876 4001 evangelia
904 3914 942 3977 et
969 3908 1132 4000 reliquias
1156 3917 1363 3991 sanctorum
1389 3914 1534 3979 tenente

395 4021 458 4092 illa
474 4020 603 4093 Sancto
621 4022 801 4107 Oudoce03
827 4032 865 4093 et
882 4024 1057 4116 promittit
1080 4025 1249 4117 imprimis
1271 4046 1309 4095 se
1331 4025 1537 4095 emendatu-

397 4160 475 4207 rum
492 4139 536 4209 de
552 4140 717 4231 praedicto
733 4140 885 4211 facinore
903 4140 1007 4234 (010111
1027 4142 1231 4233 praedictum
1247 4137 1315 4229 est)
1332 4140 1477 4232 jejunio,
1496 4147 1536 4210 et

399 4255 563 4338 oratione,
586 4263 623 4326 et
640 4255 872 4349 eleemosyna;
897 4264 935 4326 et
952 4258 1093 4349 insuper
1111 4258 1285 4350 promittit
1301 4280 1338 4328 se
1354 4278 1538 4350 nunquam

435 4522 603 4579 Ι1101110-οί
613 4526 685 4578 ambo
702 4526 824 4579 Morccnt
840 4528 906 4594 Rea,
923 4532 948 4581 et
963 4528 1051 4595 Frtoe,
1066 4529 1237 4595 presentibus
1253 4528 1305 4580 illie
1321 4528 1439 4581 00101100
1455 4542 1541 4594 aupes·

398 4612 518 4665 ulturos.
530 4613 622 4679 Ilduta',
640 4611 744 4665 omissa.
763 4611 799 4666 0.
833 4612 899 4667 ²Sic
917 4612 950 4667 Ο.
965 4631 1011 4668 an.
1030 4613 1068 4668 H.
1102 4614 1168 4669 ⁸Sic
1184 4614 1219 4668 0.
1234 4616 1474 4683 peregrinationem.
1494 4612 1536 4667 Η.

398 4696 581 4765 41000010.
617 4698 789 4753 5001110100.
823 4698 878 4753 ⁶0.
887 4699 969 4754 hebet
977 4718 1070 4755 vocem
1078 4700 1247 4754 omntbuahic
1255 4700 1392 4754 insertam.
1401 4699 1434 4753 Β.
1469 4699 1539 4755 tsic

401 4784 436 4837 Ο.
448 4785 528 4840 hostio
540 4788 568 4839 01
579 4785 699 4839 tostum.
718 4782 757 4840 Η.
790 4786 969 4842 summoue
982 4787 1064 4844 deest.
1083 4786 1116 4843 0.
1150 4786 1215 4843 ⁹Sic
1227 4786 1261 4843 Ο.
1272 4788 1358 4857 clipeo.
1375 4786 1414 4841 H.
