3450 5800
416 821 488 894 102
787 839 895 890 mann
921 840 1179 891 nannnvausrs.

417 1011 487 1090 des,
500 1015 541 1076 ut
558 1030 621 1099 per
632 1013 744 1075 totam
756 1005 852 1076 illam
865 1013 1017 1099 gentem,
1031 1008 1123 1098 quod
1134 1009 1281 1100 patriam
1297 1031 1388 1102 pene
1400 1010 1554 1081 reddidit

417 1126 598 1195 desertam.
638 1121 778 1193 Interea
790 1123 875 1191 dum
886 1124 954 1192 ista
965 1124 1158 1215 persecutio
1172 1125 1315 1206 saeviret,
1330 1149 1399 1194 non
1412 1133 1552 1195 tantum

415 1243 454 1310 in
472 1239 679 1322 hominibus,
697 1240 758 1309 sed
779 1240 885 1308 etiam
903 1240 940 1306 in
961 1239 1051 1322 feris,
1074 1248 1111 1309 et
1127 1241 1165 1308 in
1184 1241 1374 1333 reptilibus,
1401 1239 1558 1311 Sanctus

416 1353 554 1426 Teliaus
565 1356 601 1424 iu
606 1355 751 1447 jejunio,
763 1361 799 1425 et
810 1354 952 1447 planctu
962 1353 1188 1425 clamabetad
1199 1355 1405 1440 Dominum;
1422 1357 1553 1439 dicens,

419 1471 569 1554 “Parce,
596 1470 758 1553 Domine,
783 1493 886 1563 parce
906 1471 1035 1563 populo
1058 1480 1129 1552 tuo,
1154 1473 1213 1563 qui
1235 1495 1306 1542 non
1327 1474 1379 1542 vis
1400 1480 1553 1542 mortem

419 1599 439 1628 “
448 1589 649 1681 peccatone,
663 1588 723 1658 sed
736 1589 858 1669 vitam3
885 1595 921 1656 et
934 1609 979 1656 ne
992 1588 1052 1657 des
1063 1587 1302 1658 haereditetem
1315 1595 1412 1658 tuam
1425 1590 1462 1657 in
1473 1609 1555 1680 per-

419 1703 647 1773 “ditiouem.”
698 1702 836 1773 Deinde
857 1703 908 1772 ire
928 1701 998 1773 Dei
1018 1704 1063 1774 ad
1083 1711 1222 1796 tempus
1237 1702 1384 1798 pacata¹
1396 1705 1556 1774 oratione

417 1820 501 1911 ejus,
532 1819 747 1910 aliorumque
775 1827 983 1901 sanctorum,
1016 1820 1154 1890 coelitus
1182 1821 1378 1891 admonitus
1406 1829 1469 1902 est,
1499 1816 1557 1890 et'

417 1957 498 2004 cum
514 1935 569 2005 his
586 1937 644 2027 qui
662 1935 789 2005 residui
806 1934 944 2005 fuerant
960 1936 1005 2005 de
1017 1944 1131 2028 geute,
1145 1938 1286 2007 recessit
1298 1938 1335 2005 in
1347 1935 1556 2030 longinquas

416 2052 588 2144 regiones3
607 2072 753 2142 quorum
763 2051 903 2142 quidam
916 2059 1142 2144 perrexenmt
1152 2053 1188 2121 in
1199 2051 1419 2135 Hibemiam;
1436 2051 1556 2145 plures

417 2189 509 2248 vero,
527 2167 677 2236 ducente
689 2190 741 2248 eo,
754 2167 791 2236 in
808 2165 1004 2251 Franciam3
1030 2169 1140 2238 donec
1152 2167 1250 2238 Deus
1266 2170 1317 2239 cis
1332 2169 1483 2239 innuerit
1499 2192 1566 2238 re-

418 2281 531 2351 ditum
554 2284 591 2351 iu
612 2282 771 2374 patriam.
822 2281 871 2351 Et
894 2282 1025 2352 factum
1048 2292 1110 2366 est,
1134 2285 1185 2354 ita
1201 2286 1339 2355 dicente
1356 2283 1489 2378 angelo,
1514 2293 1558 2355 et

412 2397 561 2488 jubente
574 2397 618 2466 ad
637 2395 806 2467 Sanctum
818 2397 1002 2481 Teliaum?
1027 2409 1047 2439 “
1057 2399 1177 2493 Surge,
1192 2408 1229 2470 et
1242 2402 1330 2470 vade
1341 2401 1434 2471 ultra
1445 2424 1555 2482 mare,

419 2521 487 2583 “et
504 2535 675 2606 congrege
695 2512 873 2605 reliquias⁴
889 2516 1003 2608 gentis
1019 2523 1098 2598 tuae,
1115 2524 1157 2585 ut
1172 2525 1210 2587 te
1227 2525 1424 2610 sequantur,
1442 2519 1557 2587 donec

419 2637 439 2668 “
450 2627 557 2711 Deus,
574 2629 808 2700 misericordia
823 2629 956 2723 plenus,
974 2633 1160 2724 respiciens
1175 2633 1350 2703 miseriam
1366 2635 1489 2728 gentis,
1514 2642 1557 2702 et

419 2753 484 2815 “te
494 2745 664 2815 famulum
675 2744 744 2815 Dei
757 2746 972 2817 laborantem
982 2772 1044 2840 pro
1055 2755 1160 2842 gente
1170 2751 1329 2841 precibus
1340 2759 1376 2820 et
1387 2752 1555 2832 oratione,

419 2870 439 2901 “
450 2863 666 2945 concesserit,
685 2871 818 2934 semota
833 2865 1073 2956 persecutione
1089 2865 1139 2935 eis
1155 2872 1192 2936 et
1205 2866 1302 2937 vobis
1318 2867 1363 2937 de
1379 2865 1485 2938 exilio
1499 2891 1560 2938 re-

419 2988 439 3019 “
450 2980 547 3060 verti,
574 2986 611 3049 et
627 2980 672 3049 ab
689 2982 784 3049 omni
803 2980 1002 3072 hujusmodi
1018 2981 1171 3073 periculo
1188 2983 1225 3051 iu
1241 2992 1450 3076 perpetuum
1466 2982 1558 3054 libe-

420 3094 546 3165 “rari.'’
602 3092 651 3163 Et
675 3096 803 3164 itemm
828 3097 878 3165 ait
902 3097 1054 3190 angelus,
1083 3097 1226 3191 “Perge
1251 3098 1358 3169 nichil
1382 3099 1557 3184 haesitans,

419 3210 637 3281 “comitetur
653 3212 746 3279 enim
767 3212 910 3304 angelus
931 3211 1083 3296 Domini,
1109 3222 1227 3284 tecum
1248 3216 1372 3298 eunde,
1398 3224 1435 3285 et
1454 3216 1560 3285 rede-

420 3336 439 3365 “
450 3326 558 3407 undo;
584 3333 620 3395 et
637 3326 780 3395 reducet
796 3336 843 3410 te,
858 3350 938 3397 cum
951 3330 1021 3399 tuis
1033 3331 1245 3422 sequacibus,
1259 3332 1387 3401 iterum
1399 3332 1443 3402 ad
1454 3344 1559 3402 tuam

421 3442 628 3535 “regionem
641 3464 720 3511 cum
733 3446 990 3536 prosperitate.’'
1037 3444 1196 3516 Surrexit
1209 3448 1316 3540 igitur
1329 3445 1477 3517 Sanctus
1488 3448 1559 3518 Te-

386 3550 389 3559 *
419 3557 516 3639 liaus,
530 3557 704 3628 adducens
717 3580 834 3629 secum
847 3562 1014 3651 quosdam
1031 3561 1261 3656 suffraganeos
1274 3564 1452 3655 episcopos
1465 3586 1560 3647 suos,

418 3683 457 3744 et
473 3670 693 3744 eaetemrum⁵
709 3675 869 3745 ordinum
882 3678 981 3762 viros,
996 3701 1076 3748 cum
1092 3679 1271 3770 utriusque
1287 3678 1391 3749 sexirs
1407 3679 1561 3750 homiui·

418 3792 493 3873 bus,
508 3790 590 3860 viris
602 3798 639 3859 et
655 3790 872 3875 mulieribus;
897 3802 935 3864 et
952 3795 1093 3864 devenit
1108 3795 1270 3886 primitus
1283 3795 1327 3864 ad
1341 3793 1560 3866 Comubien-

418 3928 493 3977 sem
509 3908 695 4000 regionem,
714 3915 751 3977 et
767 3907 857 3978 bene
870 3919 1049 4003 susceptus
1061 3918 1115 3980 est
1127 3934 1149 3980 a
1161 3908 1337 3980 Gerenuio
1351 3909 1451 4004 Rege
1463 3910 1559 3982 illius

419 4023 548 4115 patriae,
571 4031 607 4091 et
628 4024 790 4093 tractavit
806 4023 908 4094 illum
924 4035 962 4096 et
978 4048 1078 4096 suum
1099 4026 1267 4119 populum
1284 4049 1365 4096 cum
1382 4028 1478 4096 omni
1494 4028 1561 4097 ho-

419 4161 512 4209 nore.
564 4138 613 4208 Et
629 4140 666 4208 in
682 4138 759 4210 illo⁶
775 4140 957 4212 intervallo
969 4141 1215 4234 hospitalitatis
1227 4143 1311 4234 ejus,
1327 4141 1407 4212 Rex
1421 4142 1562 4214 Geren-

419 4254 497 4324 nius
509 4254 680 4325 allocutus
693 4264 746 4325 est
759 4255 975 4328 familiariter
985 4258 1153 4330 Sanctum
1163 4258 1322 4329 Teliaum
1332 4257 1559 4352 Episcopum,

421 4368 538 4439 dicens
555 4371 597 4451 ei,
624 4380 644 4410 “
655 4368 761 4441 Pater
777 4380 814 4441 et
831 4372 980 4457 domine,
997 4399 1081 4469 rogo
1093 4382 1131 4445 ct
1143 4374 1222 4446 volo
1238 4382 1279 4444 ut
1295 4396 1410 4445 meam
1423 4376 1561 4447 confes·

455 4683 600 4738 ¹Poccoto.
623 4684 660 4739 H.
696 4686 752 4739 *m
767 4688 919 4760 suppletur.
942 4690 975 4745 B.
1010 4692 1141 4746 ³Telious.
1166 4689 1199 4745 Ο.
1234 4690 1380 4759 *asiam
1406 4690 1439 4746 0.
1474 4694 1560 4746 5οσ-

418 4777 513 4825 torom.
533 4769 566 4825 0.
601 4770 708 4825 ⁶Nollo.
727 4770 760 4826 Ο.
