3450 5800
434 795 483 867 94
800 811 908 862 Lissa
931 810 1189 861 transvenas.

481 982 550 1054 IV.
577 979 729 1072 Plusque
745 979 947 1071 simpliciter
958 984 995 1047 et
1007 975 1185 1058 catholice,
1199 985 1272 1046 tam
1289 984 1565 1073 argumentando

432 1097 563 1192 profuit
584 1096 751 1178 fidelibus,
771 1117 875 1188 quam
897 1095 967 1164 suis
989 1092 1173 1162 subtilibus
1192 1095 1405 1186 argumentis
1426 1095 1568 1169 fecisset

433 1234 586 1306 unquam
608 1210 731 1304 aliquis
755 1210 987 1303 philosophus.
1039 1208 1098 1279 Illi
1120 1209 1224 1291 enim,
1248 1211 1340 1279 viam
1363 1222 1568 1302 quarentes,

434 1353 570 1422 semper
589 1328 786 1410 deviabant3
811 1326 872 1396 ille
888 1348 969 1396 vero
986 1325 1079 1393 viam
1101 1325 1258 1395 veritatis
1279 1348 1457 1418 nunquam
1478 1353 1567 1421 prae-

434 1444 570 1528 teribat,
584 1444 644 1516 sed
660 1467 723 1536 per
734 1466 811 1514 eam
823 1443 991 1535 gradiens,
1005 1441 1102 1532 quasi
1115 1439 1256 1510 lucerna
1268 1451 1452 1533 praeeunte,
1465 1445 1565 1516 nullo

434 1585 516 1631 eum
536 1562 757 1654 impediente,
774 1559 819 1628 ad
841 1581 922 1628 eum
945 1558 1004 1650 qui
1027 1565 1081 1626 est
1103 1578 1224 1626 verum
1246 1555 1365 1627 lumen
1386 1559 1566 1631 tendebat

435 1677 574 1770 Quippe
592 1700 655 1769 per
675 1698 757 1748 eum
777 1673 1007 1769 gradiebatur,
1029 1672 1090 1765 qui
1111 1681 1165 1742 est
1181 1673 1252 1756 via3
1278 1680 1314 1743 et
1336 1674 1380 1744 ab
1403 1698 1445 1744 eo
1461 1676 1568 1746 dcce-

433 1791 544 1876 batur‚
559 1793 618 1885 qui
634 1799 688 1863 est
704 1791 880 1882 sapientia
931 1788 1069 1858 Deinde
1081 1788 1200 1858 audita
1215 1788 1280 1859 sibi
1297 1786 1435 1860 Paulini
1451 1791 1568 1882 cujus-

435 1909 515 1978 dam
538 1909 701 2000 sapientis
717 1903 796 1976 viri¹
814 1905 915 1988 fama,
934 1928 1015 1974 eum
1034 1904 1152 1986 adivit,
1170 1911 1207 1973 et
1227 1904 1319 1996 apud
1336 1906 1485 1976 eundem
1502 1907 1567 1978 ali·

433 2024 598 2114 quamdiu
613 2030 775 2104 moratus,
789 2022 888 2113 siqua
899 2042 980 2091 eum
993 2018 1249 2112 Scripturarum
1265 2028 1397 2092 secreta
1409 2023 1503 2114 prius
1514 2023 1568 2094 la-

434 2146 557 2220 terent,
576 2138 782 2208 conferendo
798 2137 842 2206 ad
858 2137 1018 2218 invicem,
1032 2136 1149 2205 omnia
1165 2133 1247 2206 sane
1262 2137 1420 2228 exposita
1435 2138 1568 2208 intelli-

433 2254 571 2348 gebant.
622 2253 746 2346 Ibique
759 2251 928 2323 Sanctum
940 2251 1123 2333 Davidem,
1136 2251 1393 2343 perfectissimae
1406 2254 1485 2324 vitoe
1500 2253 1569 2324 ho-

434 2371 574 2452 minem,
600 2370 665 2440 sibi
685 2369 874 2440 associavit.
926 2367 1023 2451 Quos
1043 2375 1141 2438 tanta
1161 2367 1342 2459 conjunxit
1363 2368 1501 2451 dilexio,
1526 2379 1570 2439 et

435 2483 585 2577 Spiritus
602 2483 721 2555 Sancti
741 2485 861 2579 gratia,
888 2485 981 2577 quod
1003 2485 1041 2554 in
1060 2483 1201 2577 agendis
1217 2483 1328 2566 rebus,
1354 2483 1448 2553 idem
1463 2484 1570 2568 velle,

434 2607 471 2671 et
495 2602 589 2672 idem
614 2601 706 2672 nolle
731 2597 822 2672 csse’
845 2601 1023 2672 ambobus.
1075 2599 1178 2681 Ecce,
1204 2599 1326 2669 fratres
1350 2599 1570 2683 charissimi,8

435 2716 584 2808 qualiter
604 2715 702 2788 Deus
722 2724 857 2788 sanctos
876 2739 958 2811 suos
977 2716 1107 2786 adunat
1126 2716 1163 2784 in
1185 2715 1296 2797 terris,
1321 2737 1406 2806 quos
1430 2715 1570 2787 futuros

435 2831 533 2927 eligit
545 2834 637 2905 cives
653 2834 690 2903 in
703 2833 811 2917 coelis;
837 2833 936 2928 eligit
948 2834 1043 2916 duos,
1056 2839 1097 2902 ut
1108 2854 1172 2925 per
1182 2830 1269 2902 duos
1281 2831 1426 2926 eligeret
1437 2832 1567 2926 plures.

435 2946 588 3019 Obeata
604 2951 750 3020 duorum
767 2951 848 3032 vita,
871 2972 1059 3041 perquam
1082 2949 1272 3018 multorum
1291 2948 1415 3018 anima
1434 2948 1570 3021 habue-

432 3072 514 3133 runt
529 3066 716 3159 refrigeria!

484 3179 531 3251 V.
558 3179 602 3249 In
622 3181 761 3252 illorum
777 3190 896 3253 autem
914 3181 1121 3253 Sanctorum
1138 3182 1268 3264 diebus,
1286 3183 1427 3273 quidam
1442 3183 1567 3275 populi

434 3296 478 3365 de
496 3294 647 3388 Scythia,
665 3298 724 3389 qui
741 3298 813 3369 sive
825 3322 847 3369 a
858 3299 961 3392 pictis
973 3298 1135 3380 vestibus,
1148 3299 1220 3368 sive
1232 3306 1373 3391 propter
1383 3298 1568 3369 oculorum

343 3462 346 3472 .
413 3412 605 3504 stigmata,
622 3410 715 3483 Picti
732 3415 943 3497 dicebantur,
960 3415 1140 3484 innumera
1156 3414 1264 3483 classe
1279 3415 1324 3483 ad
1344 3411 1566 3484 Britanniam

433 3527 660 3612 devenerunt3
686 3538 722 3600 et
739 3532 831 3623 capti
848 3554 965 3601 amore
980 3538 1080 3600 terne
1095 3531 1281 3622 potiunda,
1299 3536 1440 3622 propter
1454 3530 1566 3601 bona·

431 3666 509 3712 rum
531 3667 646 3714 rerum
663 3646 797 3738 copiam
814 3670 883 3739 qua
898 3670 1001 3740 super
1016 3668 1136 3716 omnes
1151 3646 1279 3715 insulas
1294 3653 1379 3714 tunc
1395 3648 1567 3738 temporis

431 3758 594 3851 pollebat,
618 3763 726 3855 magis
748 3762 868 3833 fraude
885 3786 989 3856 quam
1005 3764 1134 3833 viribus
1150 3761 1335 3832 Britannos
1350 3762 1563 3846 invaserunt,

431 3883 468 3944 et
484 3874 521 3945 in
533 3899 592 3945 eos
607 3878 730 3948 miram
742 3880 949 3950 tirannidem
962 3879 1006 3949 ad
1022 3876 1175 3972 tempus⁴
1188 3885 1426 3949 exercuerunt.
1479 3876 1563 3949 Nec

430 3992 557 4062 mirum
573 3993 675 4063 istam
693 3997 843 4087 superari
859 3995 904 4066 ab
915 3995 990 4078 illa3
1015 4018 1096 4065 nam
1109 3994 1211 4064 Picta
1221 4016 1305 4088 gens
1318 4001 1393 4064 erat
1404 3992 1561 4075 subdola,

430 4115 467 4176 et
477 4106 596 4179 multis
606 4109 880 4183 conflictionibus
889 4120 981 4182 terra
993 4120 1030 4182 et
1041 4112 1129 4181 mari
1141 4112 1345 4192 exercitata3
1362 4111 1429 4179 ista
1441 4117 1561 4179 autem

431 4224 587 4313 quamvis
607 4226 736 4297 viribus
756 4228 906 4319 corporis
925 4236 1016 4298 esset
1035 4227 1187 4320 praedita,
1212 4235 1333 4298 tamen
1352 4226 1501 4318 simplex
1521 4233 1562 4296 et

429 4338 586 4428 pacifica3
612 4347 649 4409 et
669 4342 750 4432 quia
769 4345 923 4413 nondum
944 4351 1035 4414 esset
1054 4366 1265 4435 aquoquam
1286 4338 1444 4423 tentata⁵
1461 4343 1561 4433 quasi

465 4667 546 4723 ¹l⁷iri
564 4670 644 4727 deest.
663 4673 695 4727 0.
742 4674 843 4732 ²Forte
860 4696 910 4749 pro
927 4687 998 4735 essct
1022 4678 1055 4733 B.
1102 4679 1274 4732 vircasino.
1296 4678 1334 4731 H.
1380 4679 1562 4745 *AMMW

431 4756 535 4811 desunt.
554 4756 587 4811 0.
622 4758 686 4813 ⁶Sic
699 4760 731 4814 0.
745 4768 874 4830 aspera.
893 4764 931 4819 H.
