3450 5800
565 824 674 875 mann
698 822 958 875 munnvnusm.
1279 806 1327 876 at

235 994 502 1073 Innoonnnrus,
514 1012 630 1061 servus
640 982 817 1061 servorum
825 989 904 1073 Dei,
916 988 1130 1063 charissimo¹
1143 993 1180 1061 in
1188 990 1328 1063 Christo

187 1111 255 1181 lilio
265 1110 427 1180 Henrioo
440 1107 570 1179 illustri
579 1105 777 1201 Anglorum
788 1104 888 1201 Regi,
899 1107 1048 1178 salntem
1057 1115 1095 1179 et
1104 1107 1329 1201 apostolicam

186 1227 481 1299 benedictionem.
532 1219 658 1293 Honor
674 1222 743 1293 Dei
760 1232 822 1305 est,
845 1231 883 1293 et
899 1224 992 1294 salus
1007 1224 1136 1317 populi,
1158 1225 1187 1294 si
1202 1224 1329 1317 princi·

187 1366 254 1436 pes,
272 1343 402 1435 quibus
420 1347 504 1411 sunt
517 1342 599 1432 jura
614 1340 712 1434 regni
729 1338 841 1411 aDeo
858 1341 1050 1423 commissa,
1072 1340 1233 1411 ecclesias
1250 1340 1328 1410 dili-

186 1468 278 1552 gant,
291 1465 329 1528 et
341 1458 388 1529 ab
405 1457 541 1549 injuriis
557 1456 806 1527 ecclesiasticas
822 1480 986 1549 personas
1002 1456 1200 1528 defendant.
1251 1456 1289 1526 N
1291 1481 1326 1527 o·

187 1574 362 1646 bilitatem
378 1575 489 1667 igitur
504 1582 603 1643 tuam
624 1593 795 1666 rogamus,
813 1580 851 1642 et
867 1572 1093 1643 exhortamur
1108 1574 1146 1643 in
1162 1571 1325 1659 Domino,

190 1702 359 1782 quatenns
373 1688 610 1761 venerabilem
632 1688 774 1759 fratrem
795 1698 953 1759 nostrum
970 1686 1031 1760 U?
1048 1668 1327 1760 Laudarensem³

194 1806 401 1899 Episcopum
410 1812 649 1887 manuteneas,
655 1828 720 1875 neo
730 1804 805 1897 ipsi,
812 1828 878 1875 nec
888 1804 1324 1887 ecclosiaeaibicommissoe,

198 1924 355 2015 injuriam
369 1932 431 1993 aut
447 1946 636 2017 gravamen
651 1922 770 1993 inferri
790 1921 983 2014 permittas.
1035 1921 1117 1993 Dat.
1135 1920 1268 2003 Januae,
1287 1940 1324 1989 11.

190 2040 265 2111 idus
281 2036 460 2133 Augusti.⁴

232 2274 490 2344 Innocnrrnnus
505 2270 708 2365 Episcopus,
726 2294 844 2343 servus
856 2294 1033 2345 servorum
1046 2270 1124 2357 Dei,
1138 2273 1327 2345 venerabih

183 2392 278 2462 fratri
297 2386 377 2457 W.⁵
400 2386 642 2459 Cantumiensi
658 2384 941 2483 Archiepisoopo,
963 2390 1112 2461 salutem
1132 2398 1170 2460 et
1189 2398 1327 2483 aposto·

184 2508 286 2577 haam
302 2504 599 2575 benedictionem.
649 2502 823 2596 AEquitati
839 2514 877 2576 et
887 2506 1033 2598 justitiae
1045 2508 1229 2576 convenire
1246 2529 1326 2600 cog-

184 2624 349 2703 noscitur,
363 2629 407 2691 ut
419 2621 513 2712 quod
524 2644 546 2691 a
557 2619 707 2713 praelatis
720 2622 790 2691 suis
802 2621 963 2692 honorari
975 2630 1012 2692 et
1024 2618 1173 2715 benigne
1186 2623 1326 2692 tractari

183 2740 368 2819 desiderat,
383 2737 548 2829 subjectis
565 2738 635 2807 suis
651 2736 787 2807 nullum
803 2760 1003 2833 gravamen,
1016 2736 1149 2807 nullam
1166 2737 1327 2829 injuriam

183 2864 303 2926 contra
315 2854 492 2924 rationem
504 2854 646 2948 irrogari
659 2856 857 2926 contendat.
894 2854 1017 2927 Frater
1028 2852 1200 2946 siquidem
1211 2861 1329 2925 noster

187 2970 244 3042 U⁶
260 2966 522 3041 [landavensis⁷
540 2968 732 3064 Episcopus
749 2974 913 3044 adversus
931 2980 968 3043 te
985 2971 1216 3063 conqueritur,
1235 2971 1327 3062 quod

184 3089 393 3182 quibusdam
416 3087 632 3180 parochianis
654 3091 724 3160 suis
747 3090 791 3160 de
812 3088 1064 3172 Urcenevelde,
1081 3084 1136 3157 in⁸
1152 3110 1238 3179 quos
1253 3088 1328 3179 ipse

183 3205 419 3276 anathematis
430 3205 640 3274 sententiam
650 3206 940 3300 promulgaverat,
951 3207 995 3277 ab
1009 3204 1259 3275 Herefordensi
1271 3227 1327 3274 ec·

184 3320 287 3391 clesia
303 3320 556 3392 communicari
573 3322 760 3412 permittis;
785 3331 971 3415 propterea
983 3323 1156 3415 quendam
1170 3319 1327 3391 Priorem

190 3459 298 3520 suum,
328 3437 396 3507 sibi
426 3435 629 3507 familiarius
657 3436 901 3521 adhaerentem,
932 3439 992 3529 qui
1019 3438 1063 3509 ad
1090 3439 1326 3529 episcopatum

196 3547 489 3622 Hereiordensem
504 3555 622 3645 (prout
637 3552 731 3622 idem
745 3553 937 3647 Episcopus
954 3551 1088 3643 asserit)
1107 3552 1328 3646 impudenter
1363 3603 1371 3613 .

195 3666 343 3750 anhelat,
361 3669 399 3738 in
420 3667 545 3738 eadem
562 3667 708 3739 ecclesia
724 3693 800 3762 qnae
821 3672 892 3741 suis
908 3669 1217 3741 excommunicatis
1233 3688 1327 3736 com·

191 3782 354 3866 municat,
368 3782 581 3876 Episcopum
594 3786 752 3856 ordinare
765 3787 908 3858 conaris
949 3784 1104 3877 Ideoque
1117 3782 1326 3854 fraternitati

186 3907 259 3970 tuae
270 3923 333 3993 per
342 3901 528 3994 presentia
540 3903 667 3995 scripta
679 3903 894 3986 mandamus,
912 3911 954 3972 ut
970 3902 1103 3972 nullam
1116 3901 1148 3970 ei
1164 3899 1326 3991 injuriam

183 4017 239 4088 rel
258 4017 458 4088 molestiam
478 4017 614 4101 inferas,
632 4041 698 4090 nec
714 4020 931 4113 parochianis
948 4020 1018 4089 suis
1034 4019 1078 4089 ab
1094 4018 1170 4110 ipso
1187 4037 1326 4087 excom·

180 4135 373 4205 manicatis
384 4135 630 4218 communices,
644 4135 700 4207 vel
713 4137 880 4220 absolvas,
898 4158 965 4206 neo
981 4134 1146 4206 clericum
1158 4157 1269 4217 suum,
1283 4156 1326 4204 eo

178 4251 304 4334 invito,
322 4248 553 4344 promoveas.l
606 4250 689 4323 Dat.
708 4251 841 4337 Jannae,
859 4273 898 4322 11.
915 4253 993 4322 idus
1009 4248 1200 4346 Angusti.¹⁰

209 4519 397 4576 muroena.
417 4519 456 4575 H.
491 4521 576 4594 ’leg
590 4525 735 4579 Urbanum.
753 4523 787 4579 Ε.
822 4522 1013 4579 thuscano.
1047 4519 1325 4594 ⁴12AngustiA.D.

176 4610 257 4662 llw.
292 4605 384 4661 Aliud
400 4607 541 4679 exemplar
555 4609 668 4680 hujusce
680 4611 762 4665 bullae
774 4611 901 4678 occurrit,
918 4627 947 4682 p.
959 4609 1002 4668 57.
1039 4609 1124 4681 lleg.
1141 4609 1273 4663 thtelmo.
1292 4602 1325 4661 E.

175 4692 463 4766 ‘laegffrtaaaaE
498 4694 679 4752 madoco.
713 4697 769 4752 ⁸Ia
782 4697 864 4753 deest.
877 4697 911 4753 Ο.
945 4695 1011 4752 lSic
1022 4696 1100 4751 forte.
1114 4694 1147 4750 B.
1159 4698 1326 4750 Permanere.

179 4777 257 4836 MSS.
296 4779 365 4832 ¹⁰12
379 4779 510 4849 Augusti,
529 4782 604 4839 h.D.
619 4787 694 4840 1130.
