3450 5800
409 794 456 867 88
777 814 885 864 monn
908 813 1167 864 mnnsvnnms
1265 788 1274 804 ‘

409 974 580 1060 vembris¹
595 976 785 1047 indictione
802 996 884 1047 xm.
900 977 1144 1048 incamationis
1156 975 1336 1047 dominica
1347 997 1438 1046 anno
1451 972 1540 1045 Mil-

407 1095 529 1165 lesimo
546 1094 734 1164 centesimo
750 1094 886 1163 decimo
902 1090 1018 1176 nono,²
1033 1091 1256 1186 pontificatis
1271 1100 1391 1163 autem
1406 1088 1540 1163 domini

408 1208 539 1281 Culixti
556 1208 718 1293 secundi,
736 1207 849 1302 Papae,
866 1231 958 1280 anno
972 1210 1095 1302 primo.

456 1438 644 1512 Cfflxnus
656 1438 857 1533 Episcopus,
875 1462 994 1513 servus
1009 1461 1185 1512 servorum
1197 1438 1276 1522 Dei,
1289 1436 1488 1509 charissimo
1500 1438 1541 1508 in

410 1556 548 1629 Christo
570 1556 642 1627 filio
664 1555 829 1638 Henrico,
852 1556 979 1627 illustn'
1000 1565 1037 1627 ct
1058 1555 1207 1651 glorioso
1223 1553 1420 1649 Anglorum
1436 1554 1540 1648 Regi,

410 1672 567 1756 salutem,
593 1680 629 1743 et
653 1672 879 1766 apostolicam
902 1668 1205 1743 benevolentiam.⁸
1256 1670 1470 1743 Venientem
1494 1670 1543 1740 ad

409 1812 472 1860 nos
488 1787 719 1859 venerabilem
736 1788 877 1859 fratrem
894 1797 1051 1860 nostrum
1068 1788 1260 1870 Urbanum,
1278 1786 1544 1857 Landavensem

410 1904 631 1998 Episcopum,
645 1905 757 1973 vitum
771 1905 837 1998 (uti
854 1902 1064 1998 accepimus)
1081 1905 1266 1975 honestum
1278 1925 1320 1973 ac
1330 1902 1543 1995 religiosum,

409 2019 557 2115 benigne
573 2019 794 2112 suscepimus,
818 2028 856 2090 et
878 2020 1114 2092 laudavensis
1130 2020 1285 2091 ecclesiae
1306 2017 1542 2089 tribulationi-

409 2138 474 2209 bus
496 2136 678 2207 affectione
701 2136 819 2207 debita
839 2139 1009 2232 compassi
1034 2160 1166 2219 sumus;
1192 2158 1274 2207 eum
1294 2136 1413 2227 itaque
1435 2134 1480 2204 ad
1500 2142 1544 2205 te

410 2275 491 2323 cum
507 2254 616 2323 literis
630 2252 856 2345 praesentibus
874 2253 1071 2349 dirigentes,
1088 2254 1309 2323 nobilitatem
1326 2261 1425 2322 tuam
1440 2272 1544 2344 roga·

411 2391 498 2451 mus,
516 2376 552 2438 et
569 2368 786 2440 obsecramus
802 2369 840 2438 in
856 2368 1019 2454 Domino,
1032 2379 1073 2441 ut
1085 2392 1167 2441 eum
1176 2392 1244 2467 pro
1261 2368 1356 2439 beati
1373 2366 1470 2438 Petri
1486 2387 1546 2437 re-

411 2480 575 2567 verentii,
597 2484 795 2567 ethonore,
817 2494 855 2555 et
876 2509 993 2557 amore
1015 2496 1142 2569 nostro,
1166 2487 1256 2556 sicut
1270 2485 1402 2577 regiam
1417 2483 1546 2574 majes-

410 2606 521 2671 tatem
543 2601 711 2671 condecet
732 2600 909 2685 honorare,
928 2612 966 2673 et
985 2603 1018 2673 ei
1036 2603 1254 2673 commissam
1274 2600 1455 2671 ecclesiam
1472 2601 1545 2693 (se-

410 2718 563 2788 cundum
579 2717 697 2788 datam
719 2718 785 2788 sibi
807 2742 828 2789 a
845 2717 997 2790 Domino
1019 2716 1237 2809 facultatem)
1259 2717 1446 2788 defendere
1467 2724 1546 2786 stu-

412 2832 502 2906 ditas⁴
522 2834 697 2926 adjuvare;
723 2842 892 2927 quatenus
913 2859 934 2907 a
956 2836 1088 2908 Decet
1108 2859 1130 2907 a
1148 2835 1252 2907 beato
1269 2832 1376 2904 Petro
1392 2832 1545 2903 retribu-

411 2953 552 3033 tionem,
576 2951 676 3021 etde
697 2952 848 3043 peccatis
870 2953 941 3022 tuis
961 2952 1206 3034 remissionem,
1227 2959 1266 3022 et
1287 2936 1560 3044 indulgentiam*

412 3067 637 3159 consequanis.
688 3065 821 3136 Datum
839 3066 969 3151 Remis,
988 3088 1040 3138 x1.
1058 3068 1122 3138 cal.
1141 3061 1376 3138 Novembris.¹5

460 3297 647 3368 Gamxnus
656 3295 857 3390 Episcopus,
872 3320 989 3370 servus
1000 3321 1176 3370 servorum
1186 3298 1265 3380 Dei,
1276 3295 1461 3367 venerabili
1471 3295 1545 3368 fra·

411 3413 457 3483 tri
470 3410 654 3505 Radulpho
667 3412 907 3484 (lantoniensi
923 3412 1204 3508 Archiepiscopo‚
1222 3413 1371 3484 salutem
1388 3420 1425 3484 et
1440 3433 1545 3503 apos-

411 3528 551 3598 tolicam
575 3528 862 3599 benedictionem.
913 3528 973 3600 Sic
995 3530 1142 3600 fratrum
1166 3527 1324 3622 quinam⁶
1346 3527 1481 3620 plenius
1502 3527 1546 3598 id

410 3650 590 3726 novenmt,
603 3643 823 3738 suggestione
835 3645 1067 3739 cognovimus,
1082 3645 1317 3716 [landavensis
1330 3643 1478 3714 ecclesia
1488 3643 1545 3715 ita

411 3759 510 3830 bonis
526 3759 596 3830 suis
612 3767 649 3830 et
666 3781 729 3852 per
744 3760 933 3853 episcopos,
952 3768 990 3830 et
1008 3784 1070 3854 per
1086 3761 1191 3833 laicos
1207 3755 1399 3854 expoliata⁷
1414 3767 1478 3842 est,
1501 3767 1545 3830 et

411 3875 552 3946 redacto
568 3873 657 3968 pene
672 3877 709 3945 in
728 3875 875 3946 nihilum
895 3876 1063 3948 videatur.
1114 3876 1291 3972 Rogamus
1309 3875 1427 3967 itaque
1446 3874 1544 3946 solli-

412 3992 603 4062 citudinem
615 4000 723 4075 tuam,
736 4000 773 4062 et
785 3992 1012 4085 praecipimus,
1022 4002 1064 4065 ut
1076 3992 1109 4063 ei
1122 4016 1225 4086 super
1236 3991 1279 4063 iis
1291 3993 1350 4083 qui
1362 3991 1454 4062 bona
1465 3990 1544 4081 ejus

412 4107 571 4178 detinent
578 4107 753 4200 justitiam
765 4107 880 4192 facias,
891 4116 928 4178 et
940 4107 1111 4202 praecipue
1123 4131 1226 4202 super
1236 4107 1408 4200 Episcopo
1419 4105 1545 4176 Sancti

410 4221 574 4307 Deui,'et
593 4246 694 4317 super
720 4223 893 4317 Episcopo
910 4223 1135 4308 Herefordiae,
1153 4225 1213 4317 qui
1230 4221 1357 4316 injuste
1375 4231 1485 4293 terras
1501 4230 1544 4293 et

411 4339 589 4432 parochias
601 4341 757 4432 ejusdem
770 4341 932 4412 dicuntur
947 4342 1101 4413 ecclesiae
1116 4340 1283 4414 obtinere.
1333 4338 1417 4410 Dat.
1434 4337 1544 4412 Sues-

411 4458 494 4540 soni,
513 4475 604 4526 xvn.
618 4456 681 4527 cal.
700 4453 809 4528 Nov.⁸

427 4655 1542 4737 ¹metamaucus.200ow.0.³nmoom.0.⁴sie.0.gsuuo.n.

408 4753 769 4822 mouumentum.
787 4754 986 4825 ⁶si00.qoam.
994 4755 1033 4811 n.
1050 4756 1189 4824 volum.
1197 4754 1231 4810 0.
1247 4752 1543 4811 noceamus.
