3450 5800
523 807 631 859 claua
655 808 914 861 muuavuusls.
1218 798 1288 869 195

145 987 277 1049 etcum
293 983 374 1047 tota
396 973 642 1047 commuuione
657 972 696 1044 in
711 996 835 1068 campo
851 982 890 1047 et
911 977 949 1046 in
964 976 1066 1061 silvis,
1086 978 1123 1049 iu
1139 1004 1230 1073 aqua
1245 992 1283 1055 et

145 1094 178 1164 iu
192 1095 343 1187 pascuis,
362 1100 494 1162 etcum
511 1090 671 1160 omuibus
687 1090 838 1183 piscibus
854 1093 934 1176 suis,
948 1095 1053 1165 verbo
1067 1103 1103 1165 et
1116 1118 1284 1171 consensu

91 1309 96 1319 ι
147 1210 282 1304 Regum
296 1208 454 1278 Mourici
472 1214 509 1278 at
526 1205 599 1289 Ris,
616 1206 767 1277 filiorum
783 1205 940 1279 Judhaili
957 1209 1064 1305 Ragis
1076 1211 1281 1311 Gleuissicg.

147 1323 200 1397 Dc
221 1325 381 1408 clericis,
406 1331 517 1395 testes
533 1330 615 1393 sunt
636 1322 827 1395 Trichauus
849 1323 1051 1420 Episcopus,
1080 1328 1281 1425 catguoret,

147 1440 356 1537 chreigem
381 1442 427 1512 de
444 1438 550 1523 laicis,
567 1437 708 1509 Mouric
725 1439 814 1525 Rex,
832 1451 870 1514 ct
886 1442 993 1514 irater
1008 1444 1082 1537 ejus
1099 1444 1171 1531 Ris,
1186 1448 1281 1535 Cous,

147 1557 290 1641 Gabrau,
307 1556 427 1640 Erbic,
444 1554 641 1638 Bmchuaii,
661 1553 853 1641 Guallonir,
876 1557 1024 1629 Bledud.
1076 1560 1171 1635 Finis
1187 1564 1281 1638 iilius

148 1682 210 1758 cst,
224 1675 264 1745 iu
276 1674 475 1755 latitudine,
492 1694 532 1742 or
546 1679 656 1742 tonou
672 1672 819 1744 cinscuit
834 1674 872 1746 bi
888 1673 950 1745 hat
967 1674 1035 1746 Eli.

162 1962 170 1969 .
296 1907 413 1981 Vnus
430 1904 631 1989 Paccium,
649 1925 690 1976 ID
706 1924 779 1989 usu,
796 1904 896 1977 Tuus
913 1907 1132 1983 Ia1scu1auc.

198 2143 383 2217 Sciendum
399 2147 454 2211 est
474 2140 568 2233 quod
584 2140 711 2211 Oouuil
728 2139 885 2234 Gurgcni
902 2141 1002 2226 filius,
1025 2166 1106 2215 cum
1126 2144 1198 2217 filio
1215 2170 1278 2219 suo

151 2262 324 2342 Gemivet‚
336 2265 497 2329 emerunt
513 2256 632 2327 villam
648 2255 822 2339 Procluui,
833 2257 940 2349 juxta
957 2258 1140 2347 Nadauau,
1158 2261 1280 2334 aJud-

148 2380 233 2451 hailo
249 2378 353 2471 Rege
376 2373 573 2467 Glauissicg
592 2373 666 2443 filio
683 2372 849 2444 Morcaut
871 2399 933 2468 pro
956 2377 1090 2450 duobus
1112 2381 1219 2471 equis,
1242 2381 1280 2451 iu

149 2497 252 2589 pretio
272 2501 356 2564 octo
379 2513 571 2572 vaccarum,
598 2497 636 2560 et
657 2490 744 2561 tuba
764 2492 802 2560 in
822 2492 935 2583 pretio
952 2512 1060 2563 xxlv.
1084 2518 1276 2581 vaccarum,

150 2621 185 2681 ct
197 2611 300 2704 pallio
318 2610 404 2679 dato
419 2607 546 2700 reginae
562 2605 600 2675 iu
621 2606 734 2699 pretio
751 2629 813 2676 sex
828 2608 1019 2691 unciarum,
1037 2632 1118 2680 cum
1135 2634 1225 2704 equo
1241 2613 1279 2683 in

148 2727 251 2820 pretio
273 2732 428 2819 quatuor
447 2724 643 2806 unciarum;
668 2729 706 2793 et
728 2730 884 2815 emptam
907 2722 1013 2807 illam,
1042 2728 1096 2819 (ut
1120 2727 1280 2819 praedixi-

148 2841 231 2932 mus)
247 2842 359 2914 verbo
375 2840 466 2934 regis
483 2846 520 2910 et
535 2860 716 2934 consensu,
731 2836 1000 2912 immolaverunt
1017 2864 1094 2912 eam
1111 2844 1156 2914 ad
1172 2843 1281 2915 hono-

148 2984 215 3031 rem
225 2955 660 3054 sepultmaesualibcram
669 2956 714 3026 ab
724 2955 820 3027 omui
829 2957 980 3040 servitio,
992 2956 1080 3042 Deo,
1093 2967 1129 3030 et
1140 2958 1278 3032 Sanctis

149 3075 321 3158 Dubricio,
338 3073 493 3155 Tabana,
508 3080 548 3142 ct
564 3071 740 3155 Oudcceo,
758 3080 796 3143 et
811 3073 849 3142 iu
869 3096 976 3145 mauu
996 3073 1156 3147 Trichani
1178 3076 1280 3170 Epis-

149 3195 229 3285 copi,
246 3201 285 3264 et
302 3190 464 3262 omnibus
480 3189 649 3282 episcopis
669 3187 855 3260 Laudaviae
875 3191 914 3260 in
934 3201 1113 3286 perpetuo,
1136 3202 1174 3264 et
1196 3217 1278 3268 cum

150 3309 239 3378 omni
253 3307 499 3379 commuuione
515 3306 553 3376 in
567 3328 692 3398 campo
708 3313 746 3376 ct
760 3307 799 3377 in
814 3306 919 3390 silvis
936 3308 974 3378 iu
990 3331 1080 3401 aqua
1096 3316 1133 3380 et
1148 3310 1185 3381 iu
1201 3334 1279 3403 pas-

151 3427 233 3495 cuis
277 3424 335 3495 Dc
351 3422 505 3505 Clericis,
523 3429 631 3492 testes
652 3430 734 3492 sunt
750 3421 939 3494 Trichanus
965 3423 1166 3518 Episcopus
1193 3426 1276 3498 Cat-

148 3548 280 3634 guorct,
297 3539 499 3621 Cobreidcu,
517 3536 621 3620 Daui,
635 3536 825 3622 Gurhaual,
839 3539 864 3610 J
865 3563 965 3624 auan,
993 3541 1136 3634 Guipoi
1159 3541 1275 3626 Seitir,

147 3655 283 3739 Treccu
300 3656 394 3737 Cain,
414 3661 495 3724 cum'
515 3654 626 3725 bibus
646 3655 838 3739 abbatibus,
856 3656 1012 3750 Sulgeuo
1033 3655 1175 3728 Abbate
1193 3656 1277 3728 Car-

144 3770 246 3844 uani¹
268 3771 373 3854 vallis,
398 3769 549 3841 Saturno
572 3767 715 3842 Abbate
738 3771 912 3855 Docunni‚
932 3771 1112 3842 Gurhaual
1134 3770 1277 3844 Abbate

142 3886 282 3972 Ilduti?
296 3889 341 3959 dc
353 3886 461 3969 laicis,
471 3883 495 3954 J
495 3885 614 3955 udhail
627 3885 717 3970 Rex,
728 3886 895 3969 Fraudur,
908 3885 1007 3970 Eluc,
1018 3886 1166 3971 Guinuc,
1177 3887 1277 3958 Mor-

140 4005 204 4089 icu,
222 4004 322 4076 Deui
337 4003 432 4073 filius
452 4000 595 4096 Oonglis
613 4004 823 4097 praesbyteu,
842 4002 979 4086 Gellan,
1002 4001 1161 4086 Guodon,
1180 4001 1277 4074 Lun-

138 4124 205 4206 bui,
217 4122 356 4204 Bonus
370 4117 487 4201 Euhie,
499 4117 648 4213 Ellgleu,
662 4119 783 4192 Dariu.
823 4117 1047 4212 Quicunque³
1064 4120 1275 4204 custodierit,

138 4239 348 4313 benedictus
359 4237 420 4321 sit3
436 4237 497 4329 qui
509 4259 591 4306 vero
603 4236 792 4321 violaverit,
808 4236 1016 4308 maledictus
1028 4236 1082 4306 sit.
1133 4234 1277 4308 Ameu.⁴

222 4769 375 4828 warham.
393 4767 427 4822 0.
462 4769 578 4828 ²11daea.
590 4771 626 4830 0.
659 4767 787 4840 ⁸Qui.0.
822 4766 886 4822 ⁴Sic
897 4765 933 4820 0.
946 4767 1031 4820 Amen
1043 4763 1125 4820 deest.
1144 4761 1183 4820 Η.

680 4861 741 4932 2ο
