3450 5800
583 769 779 820 APPENDIX.

657 1033 706 1104 11.

176 1231 345 1328 Excerpta
361 1254 381 1302 e
397 1229 515 1302 codice
531 1231 568 1300 in
584 1228 720 1302 Musaeo
737 1229 948 1316 Britannico,
967 1242 1090 1307 vocato
1113 1235 1247 1310 “Chro-

136 1349 248 1420 “nicou
272 1347 436 1420 Ecclesiae
453 1346 687 1420 Laudavensis
707 1371 729 1420 a
743 1345 855 1419 Bruto
873 1349 918 1420 ad
933 1348 1026 1423 nc.
1046 1353 1152 1438 1370,
1168 1379 1245 1450 par-

137 1465 213 1534 “tim
226 1463 387 1550 Wallice,
404 1465 531 1558 partim
549 1461 720 1548 Latine,’'¹
736 1473 774 1534 et
790 1465 916 1559 scripto
934 1466 1025 1538 A.c.
1046 1468 1150 1555 1439,
1168 1495 1245 1564 que

136 1581 297 1651 continent
308 1590 424 1652 totum
436 1580 529 1673 quod
541 1581 578 1652 in
590 1579 650 1650 illo
667 1579 754 1650 libro
771 1588 824 1651 est
841 1581 885 1651 de
898 1580 1055 1654 Ecclesii
1069 1586 1243 1679 praedicti.

161 2078 209 2152 Da
231 2101 346 2152 emur
371 2099 666 2152 cousnnuccnoun
691 2098 736 2148 sn
760 2099 1018 2152 ennmcnccoue
1042 2081 1219 2161 Eccnnsm

545 2196 814 2268 Lnunnvsusns.

176 2395 274 2470 Anno
295 2395 543 2470 incarnacionis
568 2391 711 2466 Domini
734 2405 974 2466 cccc.xn.v11⁰.
996 2398 1092 2470 missi
1112 2400 1250 2474 fuerant

136 2512 191 2584 duo
209 2514 391 2586 uenerandi
414 2514 488 2596 viri,
511 2509 707 2585 Germanus
723 2507 1023 2583 Altissiodorensis
1045 2511 1247 2612 Episcopus,

133 2635 162 2698 et
176 2627 288 2724 Lupus
304 2628 492 2700 Tricassive
511 2625 670 2710 civitatis,
696 2650 718 2697 a
738 2627 894 2720 partibus
911 2625 1029 2700 Gallie
1048 2631 1084 2700 in
1106 2629 1248 2705 Britan-

134 2744 211 2816 niam
233 2746 278 2816 ad
303 2745 433 2816 dictam
456 2741 605 2814 heresim
629 2743 880 2836 extirpandum,
901 2751 939 2814 et
957 2745 1245 2834 confundendam,

135 2881 190 2953 qua
209 2861 379 2933 dictorum
402 2862 552 2931 virorum
576 2857 871 2952 disputacionibus
892 2867 930 2931 et
950 2861 1248 2955 predicacionibua

135 2977 257 3048 omnino
278 2975 395 3049 deleta
419 2984 456 3049 et
481 2977 663 3058 distructa3
688 2985 918 3069 preceperunt
941 3000 1081 3051 assensu
1106 2990 1143 3051 et
1167 3006 1249 3053 con-

134 3112 220 3163 sensu
241 3092 408 3163 Mouricii
430 3092 493 3163 filii
509 3090 669 3163 Teudrici
689 3099 773 3167 tunc
791 3090 899 3187 Regis
916 3091 1135 3189 Morgunnuc
1151 3098 1248 3168 edifi-

135 3228 209 3291 care,
231 3217 268 3281 et
289 3210 335 3281 de
351 3231 441 3280 novo
458 3216 656 3281 construere
677 3230 783 3278 unam
806 3208 924 3279 sedem
946 3212 1248 3306 metropolitanam

133 3344 221 3416 super
268 3378 277 3395 .
329 3378 338 3396 .
390 3378 398 3394 .
448 3325 558 3395 honor
609 3378 617 3393 .
669 3376 678 3393 .
729 3324 963 3417 apostolorum
976 3325 1073 3397 Petri
1086 3336 1123 3399 et
1135 3328 1247 3401 Pauli.

175 3438 219 3511 Et
237 3451 316 3535 post
334 3440 546 3537 completum
564 3463 659 3535 opus,
682 3438 795 3511 dictus
815 3439 897 3512 Rex
918 3465 996 3512 eam
1016 3444 1158 3515 diversis
1180 3453 1249 3516 ter-

131 3554 252 3642 ritoriis,
278 3558 475 3653 privilegiis,
505 3557 697 3629 redditibus
720 3556 908 3629 honorifice
923 3558 1071 3643 dotavit3
1097 3560 1187 3633 sicut
1210 3562 1247 3630 in

131 3667 237 3745 Gnffo
255 3674 375 3746 Sancti
394 3673 537 3769 Thelyai
559 3672 711 3769 plenarie
731 3675 915 3767 reperitur3
941 3675 1036 3744 etin
1058 3698 1136 3746 eam
1158 3676 1244 3745 dicti

131 3788 266 3884 religiosi
288 3792 352 3862 viri
374 3790 580 3861 Dubricium
597 3791 709 3861 virum
726 3798 894 3871 sanctum,
911 3798 949 3860 et
971 3789 1141 3861 famosum
1163 3792 1244 3861 doc-

133 3912 243 3990 torem,
260 3908 369 3979 eoiam
387 3905 690 3999 archiepiscopum,
711 3914 749 3976 et
769 3904 934 3976 dextralis
950 3903 1105 3977 Britanie
1121 3908 1247 3999 prima-

129 4028 190 4090 tem
206 4030 489 4095 consecrevemnt
490 4073 797 4092 ......

171 4136 273 4209 Anno
288 4140 534 4211 incarnacionis
547 4137 690 4211 Domini
707 4160 732 4210 n
749 4146 786 4209 et
799 4158 847 4209 v1.
866 4137 1245 4232 Dubriciusarchiepis·

128 4274 223 4345 copus
246 4254 479 4327 banderensis
497 4257 673 4327 coronavit
689 4254 886 4325 Arthurum
906 4254 1041 4350 Regem
1061 4256 1245 4327 famosissi-

128 4388 213 4439 mum
231 4372 268 4442 in
285 4373 425 4443 civitate
442 4371 635 4457 Circestrie,
650 4396 739 4443 anno
756 4373 860 4443 etatis
877 4396 938 4444 sue
957 4381 1033 4443 xv⁰.
1085 4371 1133 4442 Et
1149 4381 1244 4466 post-

347 4680 350 4688 ’
451 4697 546 4753 1coa.
559 4696 638 4753 uss,
653 4696 707 4753 nno.
720 4696 754 4753 n.
768 4696 865 4751 xxn.
879 4700 904 4752 1.
