3450 5800
409 790 483 863 210
782 804 892 856 amaa
915 802 1175 856 narnavsnsrs.

407 972 513 1069 copo1
526 973 586 1067 qui
598 981 684 1043 tunc
694 971 896 1043 morabatur
906 968 1000 1064 apud
1012 967 1132 1041 Houel
1143 966 1385 1040 Britannicum
1398 965 1551 1065 Regem,

408 1094 446 1164 in
467 1092 608 1187 regione
631 1088 813 1160 Brachani.
863 1085 950 1181 Ipse
968 1086 1098 1169 statim,
1125 1093 1165 1156 ut
1189 1085 1330 1169 audivit,
1357 1089 1554 1158 transmisit

408 1208 551 1280 nuntios
572 1207 617 1277 ad
637 1204 848 1275 monasteria
863 1202 1022 1273 omnium
1041 1200 1297 1295 provinciarum
1317 1203 1426 1273 totius
1449 1226 1552 1295 paru-

409 1324 495 1397 chiae
512 1324 602 1393 infra
618 1317 763 1393 ostium²
778 1320 924 1413 Taratyr
939 1318 977 1412 ig
993 1316 1084 1411 Guy,
1101 1340 1211 1411 usque
1227 1320 1272 1389 ad
1288 1319 1401 1412 ripam
1416 1317 1547 1413 'strigui

410 1444 571 1537 (quarum
590 1437 797 1509 obedientia
818 1436 982 1527 subjectae
1002 1442 1084 1504 suut
1109 1433 1262 1505 eoclesiae
1287 1434 1482 1517 Laudariae,
1507 1443 1549 1506 et

407 1559 536 1631 sanctis
555 1555 721 1647 ejusdem,
735 1551 906 1634 Dubricii,
923 1549 1067 1633 Teliaui,
1086 1549 1253 1635 Oudocei,
1271 1559 1308 1623 et
1329 1550 1428 1623 Patri
1444 1550 1549 1645 Epis-

407 1698 505 1769 copo,
522 1681 561 1745 et
577 1670 737 1744 omnibus
754 1666 936 1761 Episcopis
952 1668 1217 1739 succedentibus
1239 1668 1276 1737 in
1297 1667 1483 1761 perpetuo)
1505 1677 1549 1739 ut

407 1795 700 1886 congregarentur
718 1784 923 1867 sacerdotes,
941 1784 1087 1867 diaconi,
1104 1792 1142 1855 et
1158 1806 1279 1855 omnes
1294 1785 1421 1878 gradus
1438 1784 1551 1855 eccle-

406 1908 546 1990 siastici,
569 1913 607 1977 et
625 1905 663 1973 in
681 1924 793 1972 unum
809 1901 1045 1971 convenirent.
1094 1898 1276 1971 Audiente
1292 1923 1431 1993 quoqne
1448 1900 1554 1971 Nou·

406 2025 477 2119 gui,
496 2045 579 2093 cum
599 2017 826 2113 optimatibus
849 2017 930 2099 suis,
955 2017 1065 2087 totius
1089 2016 1244 2088 ccclesiae
1265 2016 1552 2088 mdedetionem

405 2142 597 2211 irruentem
619 2137 657 2204 in
674 2157 721 2217 se,
739 2141 777 2204 et
793 2133 1063 2203 descendentem
1084 2155 1187 2227 super
1209 2154 1300 2216 eum,
1324 2156 1393 2203 non
1415 2134 1551 2204 audens

406 2256 479 2327 tale
491 2254 626 2347 pondus
641 2249 896 2321 maledictionis
908 2249 1086 2332 sustinere,
1104 2250 1191 2321 inito
1208 2248 1351 2321 consilio
1367 2272 1447 2321 cum
1464 2250 1550 2320 doc-

407 2369 549 2443 tissimis
564 2367 714 2462 regionis
729 2389 809 2449 sua,
823 2374 861 2437 et
877 2364 1001 2460 legatis
1018 2367 1236 2451 transmissis,
1253 2364 1438 2461 appellarit
1454 2366 1549 2459 epis-

407 2509 536 2580 copum
559 2485 605 2555 ad
625 2506 664 2554 se
724 2481 853 2553 Postea
877 2505 958 2553 vero
984 2481 1209 2555 obviaverunt
1234 2482 1299 2553 sibi
1326 2482 1478 2577 Nougui,
1503 2488 1544 2553 et

408 2604 590 2698 episcopus
610 2622 692 2670 cum
708 2597 936 2693 optimatibus
956 2600 1035 2682 suis,
1057 2601 1094 2669 in
1111 2598 1313 2671 Guentonia
1332 2598 1429 2682 urbe,
1447 2608 1549 2671 etex

408 2718 551 2792 consilio
568 2716 725 2789 omnium
741 2716 925 2786 doctorum
948 2715 1129 2808 utriusque
1149 2716 1266 2809 partis,
1292 2717 1365 2787 dati
1390 2724 1474 2787 sunt
1497 2714 1551 2786 illi

407 2858 449 2910 vr
464 2836 529 2908 viri
550 2832 708 2907 crudeles
727 2833 765 2903 in
788 2855 897 2903 mauu
916 2831 1078 2925 episcopi.
1129 2829 1288 2904 Adducti
1309 2832 1454 2905 suntad
1474 2854 1552 2903 mo-

407 2954 599 3026 nasterium
625 2949 746 3021 Sancti
763 2949 907 3033 Tabam,
933 2949 1002 3020 illis
1027 2949 1235 3021 facientibus
1259 2973 1322 3021 sex
1345 2973 1487 3022 menses
1512 2951 1552 3020 in

408 3072 527 3142 ferreis
544 3066 747 3138 carceribus
798 3065 945 3160 Nougui
967 3066 1095 3136 iterum
1119 3066 1309 3158 postulavit
1332 3075 1375 3137 ut
1398 3067 1553 3139 adduce-

406 3193 528 3257 rentur
544 3183 608 3254 riri
624 3181 677 3252 illi
692 3181 738 3252 ad
754 3182 992 3275 supradictum
1007 3184 1257 3253 monasterium
1272 3184 1310 3253 in
1326 3207 1395 3278 quo
1411 3185 1554 3255 occide-

406 3310 487 3374 rant
503 3302 697 3380 diaconum‚
715 3305 753 3368 et
772 3297 846 3368 illic
862 3298 1020 3369 divinum
1038 3298 1211 3391 judicium
1232 3300 1438 3393 acciperent
1491 3299 1553 3372 Si-

406 3418 499 3490 nodo
509 3438 648 3511 quoque
657 3413 848 3506 judicante
862 3413 1046 3485 definitum
1058 3422 1113 3485 est
1124 3425 1166 3485 ut
1177 3417 1412 3510 unusquisque
1424 3439 1552 3489 corum

407 3555 510 3607 suum
526 3553 658 3626 agrum,
675 3551 843 3622 suamque
860 3537 973 3601 totam
994 3529 1233 3616 substantiam,
1250 3533 1392 3626 insuper
1407 3541 1445 3603 et
1461 3556 1551 3627 prae-
1572 3541 1577 3548 '

406 3651 498 3721 tium
519 3649 644 3720 anime
660 3669 740 3729 suae,
762 3646 830 3716 hoc
852 3645 924 3717 est³
945 3655 1080 3741 septem
1104 3647 1208 3718 libras
1227 3651 1363 3744 argenti
1384 3651 1551 3722 redderet

406 3766 561 3838 ecclesia
581 3753 686 3858 quam
705 3763 951 3834 maculaverat.
1003 3763 1075 3835 Sed
1094 3743 1460 3858 hoc-pratereundum
1477 3791 1549 3839 non

405 3892 470 3967 est,
492 3881 585 3976 qnod
605 3889 689 3952 ante
706 3879 890 3972 judicium,
911 3880 1043 3951 redacti
1060 3888 1142 3951 sunt
1158 3883 1223 3951 viri
1243 3881 1310 3966 illi;
1335 3882 1549 3978 Idguallaun

405 3999 497 4070 filius
522 3997 677 4079 Moruid,
691 3995 733 4067 'et
750 3995 900 4080 Guinan,
918 3995 1108 4080 Junathan,
1133 4006 1172 4068 et
1189 3996 1360 4082 Guelfrid
1387 4006 1459 4071 tres
1482 4000 1548 4070 filii

406 4114 554 4198 Ceretio,
576 4121 614 4183 et
634 4120 730 4184 totus
745 4137 829 4207 ager
844 4113 1076 4206 generationis
1093 4112 1254 4185 Guoruot
1270 4137 1351 4185 cum
1369 4137 1490 4210 campo
1508 4125 1550 4188 et

405 4230 569 4313 fontibus,
595 4253 676 4299 cum
700 4229 795 4299 silvis
819 4237 857 4300 et
881 4229 1112 4322 accipitribus,
1138 4253 1220 4301 cum
1245 4232 1340 4302 omni
1362 4255 1469 4305 censu
1486 4235 1550 4326 qui

404 4354 509 4417 antea
525 4346 673 4416 dabatur
692 4344 793 4440 Regi,
810 4346 849 4415 in
863 4369 971 4416 manu
989 4345 1162 4440 Episcopi,
1181 4348 1272 4418 etin
1295 4355 1474 4441 potestate
1491 4375 1551 4422 ec·

404 4461 517 4533 clesiae
539 4461 660 4532 Sancti
680 4460 823 4532 Teliaui.
880 4461 1131 4534 Determiuatis
1155 4463 1210 4534 his
1231 4465 1401 4549 omnibus,
1427 4468 1550 4540 divino

469 4747 703 4816 ¹rpaoopodeat.
722 4749 756 4805 0.
791 4748 854 4805 ²Sic
867 4749 900 4806 0.
913 4751 1034 4808 bostium.
1054 4749 1092 4808 H.
1129 4751 1192 4808 ³Sic
1204 4751 1238 4808 B.
1250 4752 1381 4808 artdeest.
1400 4752 1485 4811 MSS.
