<?xml version="1.0" encoding="UTF-8"?>
<!DOCTYPE html PUBLIC "-//W3C//DTD XHTML 1.0 Transitional//EN"
    "http://www.w3.org/TR/xhtml1/DTD/xhtml1-transitional.dtd">
<html xmlns="http://www.w3.org/1999/xhtml" xml:lang="en" lang="en">
 <head>
  <title>
</title>
<meta http-equiv="Content-Type" content="text/html;charset=utf-8" />
  <meta name='ocr-system' content='tesseract 3.04.00' />
  <meta name='ocr-capabilities' content='ocr_page ocr_carea ocr_par ocr_line ocrx_word'/>
</head>
<body>
  <div class='ocr_page' id='page_1' title='image "./liberlandavensi00manugoog_0144.png"; bbox 0 0 3450 5800; ppageno 0'>
   <div class='ocr_carea' id='block_1_1' title="bbox 524 812 1279 883">
    <p class='ocr_par' dir='ltr' id='par_1_1' title="bbox 524 812 1279 883">
     <span class='ocr_line' id='line_1_1' title="bbox 524 812 1279 883; baseline 0.001 -8"><span class='ocrx_word' id='word_1_1' title='bbox 524 824 630 875; x_wconf 81' lang='lat' dir='ltr'><strong>urana</strong></span> <span class='ocrx_word' id='word_1_2' title='bbox 654 824 910 877; x_wconf 75' lang='lat' dir='ltr'><strong>nsunavnusrs.</strong></span> <span class='ocrx_word' id='word_1_3' title='bbox 1232 812 1279 883; x_wconf 84' lang='lat'><strong>91</strong></span> 
     </span>
    </p>
   </div>
   <div class='ocr_carea' id='block_1_2' title="bbox 16 989 1280 1347">
    <p class='ocr_par' dir='ltr' id='par_1_2' title="bbox 16 989 1280 1347">
     <span class='ocr_line' id='line_1_2' title="bbox 148 989 1278 1086; baseline -0.004 -18"><span class='ocrx_word' id='word_1_4' title='bbox 148 996 365 1068; x_wconf 78' lang='lat' dir='ltr'><strong>summissam</strong></span> <span class='ocrx_word' id='word_1_5' title='bbox 388 989 599 1085; x_wconf 82' lang='lat' dir='ltr'><strong>quamlibet1</strong></span> <span class='ocrx_word' id='word_1_6' title='bbox 618 1014 808 1084; x_wconf 80' lang='lat' dir='ltr'><strong>personam,</strong></span> <span class='ocrx_word' id='word_1_7' title='bbox 832 994 1077 1086; x_wconf 86' lang='lat' dir='ltr'><strong>episcopatum,</strong></span> <span class='ocrx_word' id='word_1_8' title='bbox 1094 995 1278 1080; x_wconf 85' lang='lat' dir='ltr'><strong>abbatiam,</strong></span> 
     </span>
     <span class='ocr_line' id='line_1_3' title="bbox 147 1108 1279 1203; baseline 0.001 -22"><span class='ocrx_word' id='word_1_9' title='bbox 147 1114 365 1193; x_wconf 88' lang='lat' dir='ltr'><strong>decanatum,</strong></span> <span class='ocrx_word' id='word_1_10' title='bbox 376 1108 671 1203; x_wconf 68' lang='lat' dir='ltr'><strong>presbyteratum,</strong></span> <span class='ocrx_word' id='word_1_11' title='bbox 681 1108 1004 1192; x_wconf 87' lang='lat' dir='ltr'><strong>archidiaconatum,</strong></span> <span class='ocrx_word' id='word_1_12' title='bbox 1013 1112 1279 1203; x_wconf 74' lang='lat' dir='ltr'><strong>praeposituram,</strong></span> 
     </span>
     <span class='ocr_line' id='line_1_4' title="bbox 16 1222 1280 1347; baseline 0.002 -50"><span class='ocrx_word' id='word_1_13' title='bbox 16 1282 17 1347; x_wconf 57' lang='lat'>3</span> <span class='ocrx_word' id='word_1_14' title='bbox 147 1228 377 1321; x_wconf 76' lang='lat' dir='ltr'><strong>praebendam,</strong></span> <span class='ocrx_word' id='word_1_15' title='bbox 389 1226 522 1307; x_wconf 89' lang='lat' dir='ltr'><strong>altaria,</strong></span> <span class='ocrx_word' id='word_1_16' title='bbox 533 1224 589 1294; x_wconf 93' lang='lat' dir='ltr'><strong>vel</strong></span> <span class='ocrx_word' id='word_1_17' title='bbox 602 1222 764 1315; x_wconf 81' lang='lat' dir='ltr'><strong>qualibet</strong></span> <span class='ocrx_word' id='word_1_18' title='bbox 774 1223 1004 1297; x_wconf 89' lang='lat' dir='ltr'><strong>ecclesiastica</strong></span> <span class='ocrx_word' id='word_1_19' title='bbox 1015 1228 1191 1312; x_wconf 86' lang='lat' dir='ltr'><strong>beneficia,</strong></span> <span class='ocrx_word' id='word_1_20' title='bbox 1203 1252 1280 1322; x_wconf 90' lang='lat' dir='ltr'><strong>pro·</strong></span> 
     </span>
    </p>
   </div>
   <div class='ocr_carea' id='block_1_3' title="bbox 148 1341 1282 1669">
    <p class='ocr_par' dir='ltr' id='par_1_3' title="bbox 148 1341 1282 1669">
     <span class='ocr_line' id='line_1_5' title="bbox 148 1341 1281 1427; baseline 0.003 -14"><span class='ocrx_word' id='word_1_21' title='bbox 148 1347 328 1427; x_wconf 87' lang='lat' dir='ltr'><strong>motiones,</strong></span> <span class='ocrx_word' id='word_1_22' title='bbox 347 1342 590 1421; x_wconf 82' lang='lat' dir='ltr'><strong>ordinationes,</strong></span> <span class='ocrx_word' id='word_1_23' title='bbox 609 1341 888 1423; x_wconf 80' lang='lat' dir='ltr'><strong>consecrationes,</strong></span> <span class='ocrx_word' id='word_1_24' title='bbox 906 1342 1128 1413; x_wconf 87' lang='lat' dir='ltr'><strong>eeclesiarum</strong></span> <span class='ocrx_word' id='word_1_25' title='bbox 1145 1346 1281 1416; x_wconf 88' lang='lat' dir='ltr'><strong>dedica-</strong></span> 
     </span>
     <span class='ocr_line' id='line_1_6' title="bbox 148 1457 1281 1553; baseline 0 -22"><span class='ocrx_word' id='word_1_26' title='bbox 148 1462 268 1541; x_wconf 88' lang='lat' dir='ltr'><strong>tiones,</strong></span> <span class='ocrx_word' id='word_1_27' title='bbox 293 1457 492 1529; x_wconf 88' lang='lat' dir='ltr'><strong>clericalem</strong></span> <span class='ocrx_word' id='word_1_28' title='bbox 514 1464 700 1537; x_wconf 76' lang='lat' dir='ltr'><strong>tonsuram,</strong></span> <span class='ocrx_word' id='word_1_29' title='bbox 723 1457 822 1526; x_wconf 92' lang='lat' dir='ltr'><strong>sedes</strong></span> <span class='ocrx_word' id='word_1_30' title='bbox 843 1458 881 1526; x_wconf 92' lang='lat' dir='ltr'><strong>in</strong></span> <span class='ocrx_word' id='word_1_31' title='bbox 902 1458 1016 1541; x_wconf 88' lang='lat' dir='ltr'><strong>choro,</strong></span> <span class='ocrx_word' id='word_1_32' title='bbox 1039 1468 1101 1530; x_wconf 91' lang='lat' dir='ltr'><strong>aut</strong></span> <span class='ocrx_word' id='word_1_33' title='bbox 1119 1462 1281 1553; x_wconf 86' lang='lat' dir='ltr'><strong>quaelibet</strong></span> 
     </span>
     <span class='ocr_line' id='line_1_7' title="bbox 149 1572 1282 1669; baseline -0.001 -23"><span class='ocrx_word' id='word_1_34' title='bbox 149 1576 383 1647; x_wconf 78' lang='lat' dir='ltr'><strong>ecclesiastica</strong></span> <span class='ocrx_word' id='word_1_35' title='bbox 398 1572 580 1653; x_wconf 89' lang='lat' dir='ltr'><strong>beneficia;</strong></span> <span class='ocrx_word' id='word_1_36' title='bbox 605 1578 643 1641; x_wconf 90' lang='lat' dir='ltr'><strong>et</strong></span> <span class='ocrx_word' id='word_1_37' title='bbox 659 1572 820 1654; x_wconf 89' lang='lat' dir='ltr'><strong>vendens,</strong></span> <span class='ocrx_word' id='word_1_38' title='bbox 844 1580 882 1642; x_wconf 91' lang='lat' dir='ltr'><strong>et</strong></span> <span class='ocrx_word' id='word_1_39' title='bbox 902 1596 1030 1657; x_wconf 90' lang='lat' dir='ltr'><strong>emens,</strong></span> <span class='ocrx_word' id='word_1_40' title='bbox 1051 1576 1227 1669; x_wconf 83' lang='lat' dir='ltr'><strong>dignitatis</strong></span> <span class='ocrx_word' id='word_1_41' title='bbox 1244 1584 1282 1647; x_wconf 90' lang='lat' dir='ltr'><strong>et</strong></span> 
     </span>
    </p>
   </div>
   <div class='ocr_carea' id='block_1_4' title="bbox 15 1687 1282 1902">
    <p class='ocr_par' dir='ltr' id='par_1_4' title="bbox 15 1687 1282 1902">
     <span class='ocr_line' id='line_1_8' title="bbox 16 1687 1282 1803; baseline -0.002 -38"><span class='ocrx_word' id='word_1_42' title='bbox 16 1770 17 1803; x_wconf 50' lang='lat'><strong>,</strong></span> <span class='ocrx_word' id='word_1_43' title='bbox 151 1693 256 1763; x_wconf 86' lang='lat' dir='ltr'><strong>officii</strong></span> <span class='ocrx_word' id='word_1_44' title='bbox 272 1693 335 1773; x_wconf 87' lang='lat' dir='ltr'><strong>sui,</strong></span> <span class='ocrx_word' id='word_1_45' title='bbox 349 1700 383 1761; x_wconf 91' lang='lat' dir='ltr'><strong>et</strong></span> <span class='ocrx_word' id='word_1_46' title='bbox 395 1688 555 1785; x_wconf 81' lang='lat' dir='ltr'><strong>beneficii</strong></span> <span class='ocrx_word' id='word_1_47' title='bbox 571 1687 734 1780; x_wconf 90' lang='lat' dir='ltr'><strong>periculo,</strong></span> <span class='ocrx_word' id='word_1_48' title='bbox 748 1688 948 1780; x_wconf 89' lang='lat' dir='ltr'><strong>subjacebit.</strong></span> <span class='ocrx_word' id='word_1_49' title='bbox 1000 1689 1120 1774; x_wconf 80' lang='lat' dir='ltr'><strong>Quod²</strong></span> <span class='ocrx_word' id='word_1_50' title='bbox 1132 1692 1196 1762; x_wconf 92' lang='lat' dir='ltr'><strong>nisi</strong></span> <span class='ocrx_word' id='word_1_51' title='bbox 1214 1715 1282 1763; x_wconf 88' lang='lat' dir='ltr'><strong>res·</strong></span> 
     </span>
     <span class='ocr_line' id='line_1_9' title="bbox 15 1804 1281 1902; baseline -0.005 -19"><span class='ocrx_word' id='word_1_52' title='bbox 15 1804 17 1883; x_wconf 76' lang='lat' dir='ltr'><strong><em>J</em></strong></span> <span class='ocrx_word' id='word_1_53' title='bbox 154 1810 281 1902; x_wconf 76' lang='lat' dir='ltr'><strong>puerit,</strong></span> <span class='ocrx_word' id='word_1_54' title='bbox 304 1805 531 1877; x_wconf 88' lang='lat' dir='ltr'><strong>anathematis</strong></span> <span class='ocrx_word' id='word_1_55' title='bbox 558 1826 724 1875; x_wconf 88' lang='lat' dir='ltr'><strong>mucrone</strong></span> <span class='ocrx_word' id='word_1_56' title='bbox 752 1828 932 1897; x_wconf 89' lang='lat' dir='ltr'><strong>percussus</strong></span> <span class='ocrx_word' id='word_1_57' title='bbox 960 1807 1004 1878; x_wconf 89' lang='lat' dir='ltr'><strong>ab</strong></span> <span class='ocrx_word' id='word_1_58' title='bbox 1033 1807 1178 1879; x_wconf 88' lang='lat' dir='ltr'><strong>ecclesia</strong></span> <span class='ocrx_word' id='word_1_59' title='bbox 1202 1807 1281 1891; x_wconf 92' lang='lat' dir='ltr'><strong>Dei,</strong></span> 
     </span>
    </p>
   </div>
   <div class='ocr_carea' id='block_1_5' title="bbox 153 1920 1290 4223">
    <p class='ocr_par' dir='ltr' id='par_1_5' title="bbox 155 1920 918 2018">
     <span class='ocr_line' id='line_1_10' title="bbox 155 1920 918 2018; baseline -0.007 -23"><span class='ocrx_word' id='word_1_60' title='bbox 155 1948 260 2018; x_wconf 85' lang='lat' dir='ltr'><strong>quam</strong></span> <span class='ocrx_word' id='word_1_61' title='bbox 276 1923 369 2005; x_wconf 73' lang='lat' dir='ltr'><strong>lesit,</strong></span> <span class='ocrx_word' id='word_1_62' title='bbox 386 1922 498 1992; x_wconf 85' lang='lat' dir='ltr'><strong>modis</strong></span> <span class='ocrx_word' id='word_1_63' title='bbox 515 1920 673 1990; x_wconf 91' lang='lat' dir='ltr'><strong>omnibus</strong></span> <span class='ocrx_word' id='word_1_64' title='bbox 690 1920 918 1991; x_wconf 76' lang='lat' dir='ltr'><strong>abscindatur.</strong></span> 
     </span>
    </p>

    <p class='ocr_par' dir='ltr' id='par_1_6' title="bbox 153 2034 1284 2597">
     <span class='ocr_line' id='line_1_11' title="bbox 204 2034 1284 2132; baseline 0 -22"><span class='ocrx_word' id='word_1_65' title='bbox 204 2040 253 2111; x_wconf 90' lang='lat' dir='ltr'><strong>II.</strong></span> <span class='ocrx_word' id='word_1_66' title='bbox 280 2039 551 2132; x_wconf 85' lang='lat' dir='ltr'><strong>Episcopatuum</strong></span> <span class='ocrx_word' id='word_1_67' title='bbox 563 2034 617 2106; x_wconf 83' lang='lat' dir='ltr'><strong>et³</strong></span> <span class='ocrx_word' id='word_1_68' title='bbox 629 2037 845 2107; x_wconf 87' lang='lat' dir='ltr'><strong>abbatiarum</strong></span> <span class='ocrx_word' id='word_1_69' title='bbox 858 2039 1077 2109; x_wconf 88' lang='lat' dir='ltr'><strong>investituras</strong></span> <span class='ocrx_word' id='word_1_70' title='bbox 1088 2062 1284 2131; x_wconf 82' lang='lat' dir='ltr'><strong>parmenus</strong></span> 
     </span>
     <span class='ocr_line' id='line_1_12' title="bbox 154 2150 1284 2249; baseline -0.002 -22"><span class='ocrx_word' id='word_1_71' title='bbox 154 2158 254 2228; x_wconf 87' lang='lat' dir='ltr'><strong>laicas</strong></span> <span class='ocrx_word' id='word_1_72' title='bbox 266 2156 343 2226; x_wconf 88' lang='lat' dir='ltr'><strong>fieri</strong></span> <span class='ocrx_word' id='word_1_73' title='bbox 355 2150 754 2249; x_wconf 80' lang='lat' dir='ltr'><strong>penitds⁴prohibemus</strong></span> <span class='ocrx_word' id='word_1_74' title='bbox 783 2152 989 2246; x_wconf 85' lang='lat' dir='ltr'><strong>Quicunque</strong></span> <span class='ocrx_word' id='word_1_75' title='bbox 1001 2155 1107 2248; x_wconf 84' lang='lat' dir='ltr'><strong>igitur</strong></span> <span class='ocrx_word' id='word_1_76' title='bbox 1118 2155 1284 2226; x_wconf 85' lang='lat' dir='ltr'><strong>laicorum</strong></span> 
     </span>
     <span class='ocr_line' id='line_1_13' title="bbox 153 2270 1283 2365; baseline 0 -22"><span class='ocrx_word' id='word_1_77' title='bbox 153 2275 314 2365; x_wconf 88' lang='lat' dir='ltr'><strong>deinceps</strong></span> <span class='ocrx_word' id='word_1_78' title='bbox 336 2271 501 2341; x_wconf 88' lang='lat' dir='ltr'><strong>investire</strong></span> <span class='ocrx_word' id='word_1_79' title='bbox 520 2270 759 2361; x_wconf 75' lang='lat' dir='ltr'><strong>presumserit,</strong></span> <span class='ocrx_word' id='word_1_80' title='bbox 781 2270 1010 2341; x_wconf 83' lang='lat' dir='ltr'><strong>anathematis</strong></span> <span class='ocrx_word' id='word_1_81' title='bbox 1025 2271 1150 2341; x_wconf 90' lang='lat' dir='ltr'><strong>ultioni</strong></span> <span class='ocrx_word' id='word_1_82' title='bbox 1170 2272 1283 2364; x_wconf 90' lang='lat' dir='ltr'><strong>subja-</strong></span> 
     </span>
     <span class='ocr_line' id='line_1_14' title="bbox 154 2384 1282 2478; baseline -0.001 -18"><span class='ocrx_word' id='word_1_83' title='bbox 154 2398 236 2460; x_wconf 87' lang='lat' dir='ltr'><strong>ceat.</strong></span> <span class='ocrx_word' id='word_1_84' title='bbox 285 2387 397 2457; x_wconf 90' lang='lat' dir='ltr'><strong>Porro</strong></span> <span class='ocrx_word' id='word_1_85' title='bbox 410 2386 469 2477; x_wconf 91' lang='lat' dir='ltr'><strong>qui</strong></span> <span class='ocrx_word' id='word_1_86' title='bbox 482 2386 664 2456; x_wconf 86' lang='lat' dir='ltr'><strong>investitus</strong></span> <span class='ocrx_word' id='word_1_87' title='bbox 676 2384 791 2467; x_wconf 85' lang='lat' dir='ltr'><strong>fuerit,</strong></span> <span class='ocrx_word' id='word_1_88' title='bbox 803 2385 933 2456; x_wconf 87' lang='lat' dir='ltr'><strong>honore</strong></span> <span class='ocrx_word' id='word_1_89' title='bbox 945 2410 1013 2478; x_wconf 93' lang='lat' dir='ltr'><strong>quo</strong></span> <span class='ocrx_word' id='word_1_90' title='bbox 1025 2386 1208 2459; x_wconf 83' lang='lat' dir='ltr'><strong>investitus</strong></span> <span class='ocrx_word' id='word_1_91' title='bbox 1220 2396 1282 2471; x_wconf 77' lang='lat' dir='ltr'><strong>est,</strong></span> 
     </span>
     <span class='ocr_line' id='line_1_15' title="bbox 155 2500 1111 2597; baseline -0.004 -21"><span class='ocrx_word' id='word_1_92' title='bbox 155 2506 280 2597; x_wconf 91' lang='lat' dir='ltr'><strong>absque</strong></span> <span class='ocrx_word' id='word_1_93' title='bbox 296 2502 373 2573; x_wconf 94' lang='lat' dir='ltr'><strong>ulla</strong></span> <span class='ocrx_word' id='word_1_94' title='bbox 387 2501 655 2593; x_wconf 85' lang='lat' dir='ltr'><strong>recuperationis</strong></span> <span class='ocrx_word' id='word_1_95' title='bbox 671 2524 732 2593; x_wconf 91' lang='lat' dir='ltr'><strong>spe</strong></span> <span class='ocrx_word' id='word_1_96' title='bbox 748 2500 970 2572; x_wconf 82' lang='lat' dir='ltr'><strong>omnimodis⁵</strong></span> <span class='ocrx_word' id='word_1_97' title='bbox 987 2510 1111 2573; x_wconf 82' lang='lat' dir='ltr'><strong>eareat.</strong></span> 
     </span>
    </p>

    <p class='ocr_par' dir='ltr' id='par_1_7' title="bbox 155 2617 1286 3293">
     <span class='ocr_line' id='line_1_16' title="bbox 199 2617 1285 2710; baseline -0.003 -19"><span class='ocrx_word' id='word_1_98' title='bbox 199 2620 270 2691; x_wconf 93' lang='lat' dir='ltr'>III.</span> <span class='ocrx_word' id='word_1_99' title='bbox 299 2619 489 2691; x_wconf 79' lang='lat' dir='ltr'><strong>Universae</strong></span> <span class='ocrx_word' id='word_1_100' title='bbox 502 2617 724 2688; x_wconf 87' lang='lat' dir='ltr'><strong>ecclesiarum</strong></span> <span class='ocrx_word' id='word_1_101' title='bbox 740 2618 977 2709; x_wconf 86' lang='lat' dir='ltr'><strong>possessiones,</strong></span> <span class='ocrx_word' id='word_1_102' title='bbox 990 2642 1066 2710; x_wconf 85' lang='lat' dir='ltr'><strong>quae</strong></span> <span class='ocrx_word' id='word_1_103' title='bbox 1078 2618 1285 2690; x_wconf 87' lang='lat' dir='ltr'><strong>liberalitate</strong></span> 
     </span>
     <span class='ocr_line' id='line_1_17' title="bbox 156 2733 1284 2831; baseline -0.001 -25"><span class='ocrx_word' id='word_1_104' title='bbox 156 2760 282 2831; x_wconf 84' lang='lat' dir='ltr'><strong>regum,</strong></span> <span class='ocrx_word' id='word_1_105' title='bbox 293 2736 479 2829; x_wconf 85' lang='lat' dir='ltr'><strong>largitione</strong></span> <span class='ocrx_word' id='word_1_106' title='bbox 488 2735 691 2826; x_wconf 87' lang='lat' dir='ltr'><strong>principum,</strong></span> <span class='ocrx_word' id='word_1_107' title='bbox 706 2733 762 2803; x_wconf 89' lang='lat' dir='ltr'><strong>vel</strong></span> <span class='ocrx_word' id='word_1_108' title='bbox 773 2733 947 2804; x_wconf 91' lang='lat' dir='ltr'><strong>oblatione</strong></span> <span class='ocrx_word' id='word_1_109' title='bbox 957 2734 1190 2826; x_wconf 90' lang='lat' dir='ltr'><strong>quorumlibet</strong></span> <span class='ocrx_word' id='word_1_110' title='bbox 1199 2736 1284 2805; x_wconf 86' lang='lat' dir='ltr'><strong>fide·</strong></span> 
     </span>
     <span class='ocr_line' id='line_1_18' title="bbox 156 2849 1285 2944; baseline -0.004 -18"><span class='ocrx_word' id='word_1_111' title='bbox 156 2854 246 2938; x_wconf 90' lang='lat' dir='ltr'><strong>lium,</strong></span> <span class='ocrx_word' id='word_1_112' title='bbox 267 2854 320 2925; x_wconf 91' lang='lat' dir='ltr'><strong>eis</strong></span> <span class='ocrx_word' id='word_1_113' title='bbox 337 2872 507 2923; x_wconf 88' lang='lat' dir='ltr'><strong>concessae</strong></span> <span class='ocrx_word' id='word_1_114' title='bbox 523 2857 613 2932; x_wconf 91' lang='lat' dir='ltr'><strong>sunt,</strong></span> <span class='ocrx_word' id='word_1_115' title='bbox 634 2850 851 2921; x_wconf 89' lang='lat' dir='ltr'><strong>inconcussas</strong></span> <span class='ocrx_word' id='word_1_116' title='bbox 870 2849 907 2919; x_wconf 93' lang='lat' dir='ltr'><strong>in</strong></span> <span class='ocrx_word' id='word_1_117' title='bbox 926 2859 1142 2944; x_wconf 89' lang='lat' dir='ltr'><strong>perpetuum,</strong></span> <span class='ocrx_word' id='word_1_118' title='bbox 1163 2859 1201 2921; x_wconf 90' lang='lat' dir='ltr'><strong>et</strong></span> <span class='ocrx_word' id='word_1_119' title='bbox 1220 2852 1285 2922; x_wconf 91' lang='lat' dir='ltr'><strong>irn-</strong></span> 
     </span>
     <span class='ocr_line' id='line_1_19' title="bbox 156 2961 1286 3062; baseline -0.005 -21"><span class='ocrx_word' id='word_1_120' title='bbox 156 2967 315 3041; x_wconf 82' lang='lat' dir='ltr'><strong>molatas⁰</strong></span> <span class='ocrx_word' id='word_1_121' title='bbox 331 2989 534 3062; x_wconf 89' lang='lat' dir='ltr'><strong>permanere</strong></span> <span class='ocrx_word' id='word_1_122' title='bbox 551 2961 789 3037; x_wconf 74' lang='lat' dir='ltr'><strong>decernimus.⁷</strong></span> <span class='ocrx_word' id='word_1_123' title='bbox 839 2965 943 3049; x_wconf 85' lang='lat' dir='ltr'><strong>Quod</strong></span> <span class='ocrx_word' id='word_1_124' title='bbox 959 2966 988 3036; x_wconf 89' lang='lat' dir='ltr'><strong>si</strong></span> <span class='ocrx_word' id='word_1_125' title='bbox 1005 2968 1080 3058; x_wconf 91' lang='lat' dir='ltr'><strong>quis</strong></span> <span class='ocrx_word' id='word_1_126' title='bbox 1096 2989 1154 3036; x_wconf 90' lang='lat' dir='ltr'><strong>eas</strong></span> <span class='ocrx_word' id='word_1_127' title='bbox 1169 2968 1286 3037; x_wconf 88' lang='lat' dir='ltr'><strong>abstu-</strong></span> 
     </span>
     <span class='ocr_line' id='line_1_20' title="bbox 157 3082 1285 3176; baseline -0.003 -20"><span class='ocrx_word' id='word_1_128' title='bbox 157 3087 241 3170; x_wconf 84' lang='lat' dir='ltr'><strong>lerit,</strong></span> <span class='ocrx_word' id='word_1_129' title='bbox 251 3086 428 3168; x_wconf 87' lang='lat' dir='ltr'><strong>invaserit,</strong></span> <span class='ocrx_word' id='word_1_130' title='bbox 441 3091 502 3154; x_wconf 91' lang='lat' dir='ltr'><strong>aut</strong></span> <span class='ocrx_word' id='word_1_131' title='bbox 514 3090 686 3176; x_wconf 85' lang='lat' dir='ltr'><strong>potestate</strong></span> <span class='ocrx_word' id='word_1_132' title='bbox 700 3083 877 3176; x_wconf 87' lang='lat' dir='ltr'><strong>tyrannica</strong></span> <span class='ocrx_word' id='word_1_133' title='bbox 888 3082 1076 3153; x_wconf 87' lang='lat' dir='ltr'><strong>detinuerit</strong></span> <span class='ocrx_word' id='word_1_134' title='bbox 1081 3083 1187 3174; x_wconf 86' lang='lat' dir='ltr'><strong>juxta</strong></span> <span class='ocrx_word' id='word_1_135' title='bbox 1198 3083 1285 3153; x_wconf 93' lang='lat' dir='ltr'><strong>illud</strong></span> 
     </span>
     <span class='ocr_line' id='line_1_21' title="bbox 155 3198 1031 3293; baseline -0.008 -18"><span class='ocrx_word' id='word_1_136' title='bbox 155 3205 244 3275; x_wconf 86' lang='lat' dir='ltr'><strong>beati</strong></span> <span class='ocrx_word' id='word_1_137' title='bbox 261 3201 419 3273; x_wconf 88' lang='lat' dir='ltr'><strong>Simachi</strong></span> <span class='ocrx_word' id='word_1_138' title='bbox 435 3199 625 3293; x_wconf 88' lang='lat' dir='ltr'><strong>capitulum</strong></span> <span class='ocrx_word' id='word_1_139' title='bbox 641 3198 862 3270; x_wconf 87' lang='lat' dir='ltr'><strong>anathemate</strong></span> <span class='ocrx_word' id='word_1_140' title='bbox 879 3199 1031 3269; x_wconf 86' lang='lat' dir='ltr'><strong>feriatur.</strong></span> 
     </span>
    </p>

    <p class='ocr_par' dir='ltr' id='par_1_8' title="bbox 161 3311 1287 3990">
     <span class='ocr_line' id='line_1_22' title="bbox 205 3311 1285 3410; baseline -0.003 -22"><span class='ocrx_word' id='word_1_141' title='bbox 205 3319 272 3390; x_wconf 90' lang='lat' dir='ltr'><strong>IV.</strong></span> <span class='ocrx_word' id='word_1_142' title='bbox 299 3317 432 3387; x_wconf 90' lang='lat' dir='ltr'><strong>Nullus</strong></span> <span class='ocrx_word' id='word_1_143' title='bbox 453 3316 641 3410; x_wconf 90' lang='lat' dir='ltr'><strong>episcopus,</strong></span> <span class='ocrx_word' id='word_1_144' title='bbox 663 3315 779 3385; x_wconf 91' lang='lat' dir='ltr'><strong>nullus</strong></span> <span class='ocrx_word' id='word_1_145' title='bbox 798 3317 994 3409; x_wconf 72' lang='lat' dir='ltr'><strong>praesbyter,</strong></span> <span class='ocrx_word' id='word_1_146' title='bbox 1012 3315 1127 3385; x_wconf 91' lang='lat' dir='ltr'><strong>nullus</strong></span> <span class='ocrx_word' id='word_1_147' title='bbox 1143 3311 1285 3385; x_wconf 67' lang='lat' dir='ltr'><strong>omnini)</strong></span> 
     </span>
     <span class='ocr_line' id='line_1_23' title="bbox 161 3429 1287 3525; baseline -0.003 -21"><span class='ocrx_word' id='word_1_148' title='bbox 161 3435 207 3504; x_wconf 91' lang='lat' dir='ltr'><strong>de</strong></span> <span class='ocrx_word' id='word_1_149' title='bbox 229 3433 326 3515; x_wconf 86' lang='lat' dir='ltr'><strong>clero,</strong></span> <span class='ocrx_word' id='word_1_150' title='bbox 356 3431 604 3503; x_wconf 87' lang='lat' dir='ltr'><strong>ecclesiasticas</strong></span> <span class='ocrx_word' id='word_1_151' title='bbox 630 3431 825 3525; x_wconf 79' lang='lat' dir='ltr'><strong>dignitates,</strong></span> <span class='ocrx_word' id='word_1_152' title='bbox 850 3430 907 3502; x_wconf 95' lang='lat' dir='ltr'><strong>vel</strong></span> <span class='ocrx_word' id='word_1_153' title='bbox 935 3432 1103 3502; x_wconf 85' lang='lat' dir='ltr'><strong>beneficia</strong></span> <span class='ocrx_word' id='word_1_154' title='bbox 1127 3429 1287 3503; x_wconf 78' lang='lat' dir='ltr'><strong>cuilibet⁸</strong></span> 
     </span>
     <span class='ocr_line' id='line_1_24' title="bbox 165 3544 1287 3642; baseline -0.004 -22"><span class='ocrx_word' id='word_1_155' title='bbox 165 3551 259 3642; x_wconf 86' lang='lat' dir='ltr'><strong>qnasi</strong></span> <span class='ocrx_word' id='word_1_156' title='bbox 269 3551 343 3642; x_wconf 87' lang='lat' dir='ltr'><strong>jure</strong></span> <span class='ocrx_word' id='word_1_157' title='bbox 358 3547 575 3619; x_wconf 77' lang='lat' dir='ltr'><strong>haereditario</strong></span> <span class='ocrx_word' id='word_1_158' title='bbox 588 3547 817 3639; x_wconf 85' lang='lat' dir='ltr'><strong>derelinquat3</strong></span> <span class='ocrx_word' id='word_1_159' title='bbox 843 3547 931 3618; x_wconf 93' lang='lat' dir='ltr'><strong>illud</strong></span> <span class='ocrx_word' id='word_1_160' title='bbox 946 3548 1053 3618; x_wconf 89' lang='lat' dir='ltr'><strong>etiam</strong></span> <span class='ocrx_word' id='word_1_161' title='bbox 1069 3544 1287 3638; x_wconf 79' lang='lat' dir='ltr'><strong>adjicientes⁹</strong></span> 
     </span>
     <span class='ocr_line' id='line_1_25' title="bbox 165 3655 1287 3759; baseline -0.004 -23"><span class='ocrx_word' id='word_1_162' title='bbox 165 3667 382 3759; x_wconf 87' lang='lat' dir='ltr'><strong>praecipimus,</strong></span> <span class='ocrx_word' id='word_1_163' title='bbox 400 3673 441 3735; x_wconf 90' lang='lat' dir='ltr'><strong>ut</strong></span> <span class='ocrx_word' id='word_1_164' title='bbox 464 3687 526 3758; x_wconf 93' lang='lat' dir='ltr'><strong>pro</strong></span> <span class='ocrx_word' id='word_1_165' title='bbox 542 3655 767 3757; x_wconf 77' lang='lat' dir='ltr'><strong>baptismatis,</strong></span> <span class='ocrx_word' id='word_1_166' title='bbox 786 3663 962 3746; x_wconf 88' lang='lat' dir='ltr'><strong>crismatis,</strong></span> <span class='ocrx_word' id='word_1_167' title='bbox 981 3663 1048 3733; x_wconf 93' lang='lat' dir='ltr'><strong>olei</strong></span> <span class='ocrx_word' id='word_1_168' title='bbox 1068 3664 1164 3744; x_wconf 88' lang='lat' dir='ltr'><strong>sacri,</strong></span> <span class='ocrx_word' id='word_1_169' title='bbox 1182 3670 1219 3732; x_wconf 91' lang='lat' dir='ltr'><strong>et</strong></span> <span class='ocrx_word' id='word_1_170' title='bbox 1235 3684 1287 3732; x_wconf 90' lang='lat' dir='ltr'><strong>se-</strong></span> 
     </span>
     <span class='ocr_line' id='line_1_26' title="bbox 164 3777 1286 3874; baseline -0.005 -22"><span class='ocrx_word' id='word_1_171' title='bbox 164 3781 309 3874; x_wconf 80' lang='lat' dir='ltr'><strong>pulture</strong></span> <span class='ocrx_word' id='word_1_172' title='bbox 320 3783 534 3874; x_wconf 83' lang='lat' dir='ltr'><strong>acceptione3</strong></span> <span class='ocrx_word' id='word_1_173' title='bbox 551 3788 587 3851; x_wconf 88' lang='lat' dir='ltr'><strong>et</strong></span> <span class='ocrx_word' id='word_1_174' title='bbox 599 3781 812 3850; x_wconf 90' lang='lat' dir='ltr'><strong>infirmorum</strong></span> <span class='ocrx_word' id='word_1_175' title='bbox 825 3779 1031 3862; x_wconf 87' lang='lat' dir='ltr'><strong>visitatione,</strong></span> <span class='ocrx_word' id='word_1_176' title='bbox 1045 3777 1102 3848; x_wconf 92' lang='lat' dir='ltr'><strong>vel</strong></span> <span class='ocrx_word' id='word_1_177' title='bbox 1113 3777 1286 3860; x_wconf 87' lang='lat' dir='ltr'><strong>unctione,</strong></span> 
     </span>
     <span class='ocr_line' id='line_1_27' title="bbox 161 3892 804 3990; baseline -0.003 -23"><span class='ocrx_word' id='word_1_178' title='bbox 161 3897 293 3968; x_wconf 90' lang='lat' dir='ltr'><strong>nullum</strong></span> <span class='ocrx_word' id='word_1_179' title='bbox 310 3892 454 3969; x_wconf 77' lang='lat' dir='ltr'><strong>omnino</strong></span> <span class='ocrx_word' id='word_1_180' title='bbox 469 3898 620 3990; x_wconf 91' lang='lat' dir='ltr'><strong>pretium</strong></span> <span class='ocrx_word' id='word_1_181' title='bbox 637 3897 804 3990; x_wconf 78' lang='lat' dir='ltr'><strong>exigatur.</strong></span> 
     </span>
    </p>

    <p class='ocr_par' dir='ltr' id='par_1_9' title="bbox 160 4006 1290 4223">
     <span class='ocr_line' id='line_1_28' title="bbox 210 4006 1289 4108; baseline -0.008 -21"><span class='ocrx_word' id='word_1_182' title='bbox 210 4015 254 4087; x_wconf 93' lang='lat' dir='ltr'><strong>V.</strong></span> <span class='ocrx_word' id='word_1_183' title='bbox 281 4015 515 4108; x_wconf 70' lang='lat' dir='ltr'><strong>Presbyteris,</strong></span> <span class='ocrx_word' id='word_1_184' title='bbox 530 4014 689 4096; x_wconf 87' lang='lat' dir='ltr'><strong>diaconis,</strong></span> <span class='ocrx_word' id='word_1_185' title='bbox 707 4006 960 4092; x_wconf 78' lang='lat' dir='ltr'><strong>subdiaconia¹⁰</strong></span> <span class='ocrx_word' id='word_1_186' title='bbox 971 4009 1239 4080; x_wconf 89' lang='lat' dir='ltr'><strong>concubinamm</strong></span> <span class='ocrx_word' id='word_1_187' title='bbox 1251 4017 1289 4078; x_wconf 91' lang='lat' dir='ltr'><strong>et</strong></span> 
     </span>
     <span class='ocr_line' id='line_1_29' title="bbox 160 4124 1290 4223; baseline -0.007 -21"><span class='ocrx_word' id='word_1_188' title='bbox 160 4155 305 4202; x_wconf 87' lang='lat' dir='ltr'><strong>uxorum</strong></span> <span class='ocrx_word' id='word_1_189' title='bbox 328 4127 582 4204; x_wconf 91' lang='lat' dir='ltr'><strong>concubitum11</strong></span> <span class='ocrx_word' id='word_1_190' title='bbox 603 4153 738 4223; x_wconf 90' lang='lat' dir='ltr'><strong>prorsus</strong></span> <span class='ocrx_word' id='word_1_191' title='bbox 758 4126 1005 4199; x_wconf 84' lang='lat' dir='ltr'><strong>interdicimus</strong></span> <span class='ocrx_word' id='word_1_192' title='bbox 1056 4124 1155 4217; x_wconf 88' lang='lat' dir='ltr'><strong>Siqui</strong></span> <span class='ocrx_word' id='word_1_193' title='bbox 1171 4132 1290 4195; x_wconf 88' lang='lat' dir='ltr'><strong>autem</strong></span> 
     </span>
    </p>
   </div>
   <div class='ocr_carea' id='block_1_6' title="bbox 159 4493 1293 4815">
    <p class='ocr_par' dir='ltr' id='par_1_10' title="bbox 159 4493 1293 4815">
     <span class='ocr_line' id='line_1_30' title="bbox 195 4493 1291 4570; baseline -0.007 -15"><span class='ocrx_word' id='word_1_194' title='bbox 195 4497 386 4568; x_wconf 65' lang='lat' dir='ltr'><strong>ulmae.</strong></span> <span class='ocrx_word' id='word_1_195' title='bbox 421 4499 514 4566; x_wconf 74' lang='lat' dir='ltr'><strong>’Quod</strong></span> <span class='ocrx_word' id='word_1_196' title='bbox 520 4515 569 4570; x_wconf 89' lang='lat' dir='ltr'><strong>pro</strong></span> <span class='ocrx_word' id='word_1_197' title='bbox 577 4501 647 4568; x_wconf 76' lang='lat' dir='ltr'><strong>quid.</strong></span> <span class='ocrx_word' id='word_1_198' title='bbox 657 4497 737 4554; x_wconf 86' lang='lat' dir='ltr'>MSS.</span> <span class='ocrx_word' id='word_1_199' title='bbox 747 4497 780 4552; x_wconf 87' lang='lat' dir='ltr'><strong>B.</strong></span> <span class='ocrx_word' id='word_1_200' title='bbox 814 4493 1162 4569; x_wconf 77' lang='lat' dir='ltr'><strong>⁸Etsnppleturavolgata</strong></span> <span class='ocrx_word' id='word_1_201' title='bbox 1170 4493 1291 4548; x_wconf 87' lang='lat' dir='ltr'><strong>lectione.</strong></span> 
     </span>
     <span class='ocr_line' id='line_1_31' title="bbox 159 4580 1291 4641; baseline -0.004 -3"><span class='ocrx_word' id='word_1_202' title='bbox 159 4583 382 4641; x_wconf 71' lang='lat' dir='ltr'><strong>*Peritdodeest</strong></span> <span class='ocrx_word' id='word_1_203' title='bbox 401 4585 435 4640; x_wconf 92' lang='lat'><strong>0.</strong></span> <span class='ocrx_word' id='word_1_204' title='bbox 469 4587 645 4641; x_wconf 63' lang='lat' dir='ltr'><strong>fromntmodo.</strong></span> <span class='ocrx_word' id='word_1_205' title='bbox 663 4585 697 4641; x_wconf 92' lang='lat'><strong>0.</strong></span> <span class='ocrx_word' id='word_1_206' title='bbox 731 4583 961 4638; x_wconf 71' lang='lat' dir='ltr'><strong>⁶Protaotolotuo.</strong></span> <span class='ocrx_word' id='word_1_207' title='bbox 980 4583 1013 4637; x_wconf 91' lang='grc' dir='ltr'><strong>Β.</strong></span> <span class='ocrx_word' id='word_1_208' title='bbox 1047 4580 1291 4636; x_wconf 61' lang='lat' dir='ltr'><strong>vsicoaeoeme</strong></span> 
     </span>
     <span class='ocr_line' id='line_1_32' title="bbox 161 4667 1293 4734; baseline -0.005 -10"><span class='ocrx_word' id='word_1_209' title='bbox 161 4671 284 4726; x_wconf 67' lang='grc' dir='ltr'><strong>ΜΗ.</strong></span> <span class='ocrx_word' id='word_1_210' title='bbox 318 4671 436 4728; x_wconf 75' lang='lat'>⁸8100.</span> <span class='ocrx_word' id='word_1_211' title='bbox 455 4673 543 4727; x_wconf 70' lang='lat' dir='ltr'><strong>eata.</strong></span> <span class='ocrx_word' id='word_1_212' title='bbox 563 4672 600 4728; x_wconf 86' lang='grc' dir='ltr'><strong>Η.</strong></span> <span class='ocrx_word' id='word_1_213' title='bbox 635 4672 699 4727; x_wconf 80' lang='lat' dir='ltr'><strong>⁹Sic</strong></span> <span class='ocrx_word' id='word_1_214' title='bbox 717 4671 750 4726; x_wconf 93' lang='lat'><strong>0.</strong></span> <span class='ocrx_word' id='word_1_215' title='bbox 767 4673 928 4726; x_wconf 66' lang='lat' dir='ltr'><strong>amiciam.</strong></span> <span class='ocrx_word' id='word_1_216' title='bbox 948 4668 986 4724; x_wconf 90' lang='grc' dir='ltr'><strong>Η.</strong></span> <span class='ocrx_word' id='word_1_217' title='bbox 1022 4667 1293 4734; x_wconf 60' lang='lat' dir='ltr'><strong>mammaeam</strong></span> 
     </span>
     <span class='ocr_line' id='line_1_33' title="bbox 162 4757 794 4815; baseline 0.002 -3"><span class='ocrx_word' id='word_1_218' title='bbox 162 4759 314 4814; x_wconf 64' lang='lat' dir='ltr'><strong>mem.</strong></span> <span class='ocrx_word' id='word_1_219' title='bbox 333 4758 413 4814; x_wconf 76' lang='lat' dir='ltr'>MSS.</span> <span class='ocrx_word' id='word_1_220' title='bbox 452 4757 470 4796; x_wconf 84' lang='lat'><strong>¹¹</strong></span> <span class='ocrx_word' id='word_1_221' title='bbox 481 4757 524 4813; x_wconf 85' lang='lat' dir='ltr'><strong>Sic</strong></span> <span class='ocrx_word' id='word_1_222' title='bbox 537 4758 570 4815; x_wconf 93' lang='lat'><strong>0.</strong></span> <span class='ocrx_word' id='word_1_223' title='bbox 600 4758 737 4814; x_wconf 70' lang='lat' dir='ltr'><strong>mern..</strong></span> <span class='ocrx_word' id='word_1_224' title='bbox 756 4757 794 4813; x_wconf 88' lang='lat' dir='ltr'><strong>H.</strong></span> 
     </span>
    </p>
   </div>
   <div class='ocr_carea' id='block_1_7' title="bbox 718 4869 743 4918">
    <p class='ocr_par' dir='ltr' id='par_1_11' title="bbox 718 4869 743 4918">
     <span class='ocr_line' id='line_1_34' title="bbox 718 4869 743 4918; baseline 0 0"><span class='ocrx_word' id='word_1_225' title='bbox 718 4869 743 4918; x_wconf 91' lang='lat' dir='ltr'>N</span> 
     </span>
    </p>
   </div>
   <div class='ocr_carea' id='block_1_8' title="bbox 0 0 1746 5800">
    <p class='ocr_par' dir='ltr' id='par_1_12' title="bbox 0 0 1746 5800">
     <span class='ocr_line' id='line_1_35' title="bbox 0 0 1746 5800; baseline 0 0"><span class='ocrx_word' id='word_1_226' title='bbox 0 0 1746 5800; x_wconf 95' lang='lat' dir='ltr'><strong> </strong></span> 
     </span>
    </p>
   </div>
  </div>
 </body>
</html>
