3450 5800
422 809 494 881 194
791 825 901 877 ruam
924 824 1183 879 LANDAVENSIS.

416 993 556 1077 Dincat,
570 993 719 1086 Accipe3
745 993 789 1063 de
805 991 912 1075 laicis,
930 989 1094 1062 Femuail
1120 1000 1157 1063 et
1181 991 1244 1062 filii
1268 992 1322 1062 sui
1347 990 1488 1063 Mouric
1517 1002 1559 1065 et

415 1109 605 1193 Guorcant,
617 1109 779 1193 Coumor,
796 1106 951 1191 Merum,
965 1106 1058 1178 Crou
1071 1108 1163 1179 filius
1178 1107 1398 1193 Morciuauu,
1415 1108 1556 1195 Glotuc,

414 1226 615 1310 Gucrucne‚
632 1225 719 1297 Ilbri
743 1225 835 1296 filius
859 1222 981 1308 Junet,
1007 1223 1145 1308 Mercu,
1171 1224 1275 1296 Daui.
1326 1224 1557 1321 Quicunque¹

414 1344 625 1427 custodierit,
649 1341 824 1414 custodiat
845 1340 948 1411 illum
968 1339 1080 1425 Deua
1111 1342 1171 1433 qui
1197 1350 1316 1413 autem
1342 1343 1388 1413 ab
1407 1344 1556 1415 ecclesia

414 1459 600 1532 Laudaviae
615 1458 835 1553 separaverit,
852 1480 932 1527 reus
949 1458 1004 1529 sit.
1055 1455 1184 1529 Amen.

881 1720 1075 1821 [Turrem]

460 1925 585 1998 Matcc
600 1925 692 1997 filius
708 1924 850 1997 Guinau
867 1924 954 1994 emit
969 1923 1108 1995 unciam
1123 1924 1207 2018 agri,
1222 1946 1299 2015 quae
1314 1932 1459 1995 vocatur
1479 1926 1551 1997 Tu-

409 2043 495 2125 rion,
508 2066 529 2113 a
542 2041 736 2123 Feruuailo,
749 2040 822 2111 filio
834 2037 1001 2122 Judhaili,
1018 2040 1244 2134 prasentibus
1260 2040 1341 2110 filiis
1358 2042 1428 2111 suis
1442 2041 1552 2113 Mou-

409 2154 499 2228 ricc²
515 2165 552 2227 et
564 2156 754 2239 Gurcanto,
767 2178 830 2249 pro
846 2156 1015 2248 ancipitre
1032 2156 1074 2225 in'
1085 2156 1197 2249 pretio
1215 2174 1282 2225 ΧΠ.
1301 2179 1492 2241 vaccarum,
1511 2167 1553 2229 et

409 2298 473 2368 pro
486 2274 620 2345 duobus
632 2273 730 2366 cquis
746 2274 784 2342 in
799 2272 912 2365 pretio
925 2294 987 2343 sex
999 2294 1191 2355 vaccarum,
1205 2280 1243 2343 et
1259 2295 1367 2343 comu
1382 2272 1418 2341 iu
1433 2275 1552 2365 pretio

410 2412 473 2461 aex
484 2390 665 2459 unciarum
677 2388 821 2483 argenti,
834 2395 873 2459 et
889 2388 1088 2481 scrupulum
1100 2387 1137 2457 in
1149 2389 1261 2481 pretio
1275 2408 1342 2459 xn.
1356 2411 1552 2473 vaccarum,

412 2514 450 2577 et
465 2504 558 2575 linea
570 2505 744 2588 coccinea3
770 2512 809 2573 et
823 2504 875 2574 ita
887 2511 1051 2597 emptam,
1068 2504 1113 2575 ab
1130 2504 1225 2573 omni
1242 2504 1382 2574 servitio
1395 2504 1553 2597 quietam

412 2621 557 2715 largitus
573 2628 627 2691 eat
643 2619 741 2690 illam
756 2643 820 2713 pro
837 2619 949 2691 salute
966 2622 1090 2690 auimae
1106 2642 1185 2703 auae,
1204 2620 1309 2691 verbo
1326 2628 1364 2690 et
1380 2642 1553 2692 consensu

412 2737 529 2832 Regia,
541 2745 578 2808 et
593 2736 745 2807 filiorum
761 2736 836 2829 ejus
849 2733 1002 2805 Mourici
1015 2743 1052 2805 et
1065 2734 1244 2819 Gurcanti,
1258 2733 1347 2818 Deo,
1361 2744 1399 2807 et
1412 2735 1553 2809 Sanctia

411 2853 591 2938 Dubricio,
607 2852 762 2937 Teliaua
784 2860 821 2924 et
845 2850 1022 2936 Oudoce0‚
1041 2852 1131 2923 etin
1146 2874 1253 2923 mauu
1268 2849 1433 2924 Trichaui
1450 2852 1553 2948 Epis-
1629 2935 1631 2942 y

411 2972 499 3064 copi,
517 2978 555 3041 et
567 2971 728 3041 omnibus
740 2969 922 3062 Episcopis
933 2967 1119 3040 Laudaviae
1131 2969 1168 3036 in
1180 2975 1360 3061 perpetuo.
1399 2967 1456 3040 De
1470 2969 1553 3041 Cle-

306 3077 310 3088 '
410 3087 500 3168 ricis,
523 3093 631 3156 testes
646 3093 729 3158 sunt
747 3085 938 3156 Trichanus
962 3083 1163 3177 Episcopua
1186 3083 1422 3179 Catgueitheu
1445 3109 1553 3178 praes-

408 3202 524 3295 byter3
549 3201 593 3272 de
610 3202 715 3284 luicis,
733 3199 898 3272 Femuail
915 3200 1004 3284 Rex,
1022 3209 1059 3272 et
1075 3200 1138 3270 filii
1156 3201 1229 3292 ejus
1247 3200 1387 3272 Mouric
1404 3210 1440 3273 et
1453 3201 1552 3273 Gur-

409 3324 500 3400 cant,
524 3314 658 3400 Matcc,
682 3315 875 3399 Haaurbiu
897 3315 1050 3401 Guorcu,
1076 3317 1225 3388 Riuoret
1247 3316 1340 3388 filius
1361 3316 1552 3413 Auaugen.

410 3430 633 3524 Quicunque¹
651 3433 863 3516 custodierit,
887 3434 1061 3504 custodiat
1082 3431 1184 3503 illum
1205 3431 1319 3518 Deus3
1346 3435 1404 3527 qui
1427 3443 1551 3506 autam

407 3550 452 3621 ab
468 3548 614 3620 ecclesia
631 3548 816 3621 Laudaviae
832 3550 1052 3643 separaverit,
1070 3548 1256 3621 anathema
1272 3550 1327 3620 sit.
1378 3549 1511 3622 Amen.

856 3814 977 3886 Svuar
998 3815 1099 3886 Eum.

458 4011 648 4084 Sciendum
668 4023 722 4086 est
742 4017 835 4107 quod
857 4014 943 4087 Oors
965 4016 1057 4086 filius
1080 4013 1222 4087 Gabrau
1244 4015 1441 4090 immolavit
1463 4041 1549 4110 qua-

407 4138 488 4200 tuor
499 4131 634 4201 modios
645 4138 755 4214 terrae,
765 4129 863 4202 Strat
875 4130 978 4215 Elei,8
986 4156 1049 4225 pro
1058 4131 1265 4202 commercio
1275 4135 1374 4226 regui
1385 4133 1549 4218 coelestis,

408 4242 497 4327 Deo,
515 4255 552 4316 et
569 4245 707 4316 Sanctis
719 4245 898 4332 Dubricio,
912 4247 1066 4330 Teliauc‚
1084 4255 1121 4318 et
1134 4245 1312 4331 Oudoce0‚
1331 4257 1369 4319 et
1385 4250 1422 4319 iu
1439 4273 1553 4322 mauu

409 4357 570 4431 Trichaui
587 4361 762 4455 Episcopi,
780 4371 816 4434 et
833 4365 994 4434 omuibus
1012 4362 1193 4457 Episcopis
1210 4362 1398 4437 Laudaviae
1414 4367 1453 4437 in
1470 4391 1553 4460 per-

407 4482 524 4568 petuo,
538 4479 727 4550 cumomni
739 4502 801 4550 sua
812 4480 984 4562 libertate,
998 4489 1036 4552 et
1048 4481 1203 4573 quietam
1220 4482 1264 4553 ab
1281 4483 1377 4553 omui
1394 4485 1554 4568 servitio,

704 4766 783 4836 ¹Qci.
801 4768 837 4822 Ο.
872 4767 1020 4824 ’Mauricu
1040 4769 1073 4823 0.
1108 4770 1189 4826 wia.
1211 4770 1246 4824 Ο.
