3450 5800
524 776 632 830 umus
655 776 915 830 munsvnusrs
1213 758 1285 831 223

619 974 828 1049 Tnnslmr.

15 1239 16 1284 p
199 1182 301 1255 Eiset
326 1180 489 1253 Yrsimus
511 1175 706 1249 immolavit
729 1176 816 1247 Tres
840 1176 896 1260 Ei,
922 1198 1003 1248 cum
1027 1180 1138 1251 tribus
1161 1184 1286 1256 modiis

15 1287 16 1326 ³
159 1309 261 1384 tsrrae,
275 1298 368 1381 Deo,
384 1304 423 1368 et
435 1295 574 1367 Sanctis
590 1292 767 1377 Dubricio,
784 1292 938 1378 Teliauo,
956 1302 993 1366 et
1006 1293 1181 1381 Oudoceo,
1198 1308 1235 1370 et
1252 1300 1289 1371 in

15 1467 16 1474 κ
157 1440 259 1487 manu
275 1413 484 1486 Ciueilliauc
500 1410 674 1504 Episcopi,
695 1416 734 1480 et
755 1411 916 1481 omnibus
937 1412 1131 1504 pastoribus
1153 1412 1289 1485 Lenda-

160 1532 229 1616 riae,
244 1532 352 1603 verbo
369 1538 408 1600 et
423 1550 593 1600 consensu
608 1522 831 1608 Brochmail‚¹
847 1548 928 1596 cum
948 1548 1010 1597 sus
1025 1536 1101 1599 tota
1117 1528 1287 1615 libertate,

161 1658 197 1719 et
212 1649 305 1719 omni
324 1645 569 1718 communione
584 1642 622 1711 in
638 1663 761 1733 campo
779 1649 818 1711 et
838 1642 877 1711 iu
899 1641 1002 1725 silvis,
1023 1644 1061 1713 in
1082 1667 1172 1737 sque
1194 1654 1231 1715 et
1252 1648 1289 1717 in

162 1763 303 1856 pascuis
350 1762 409 1833 De
430 1759 584 1841 Clericis,
609 1764 718 1828 testes
743 1764 824 1829 sunt
853 1756 1058 1829 Ciueillisuc
1087 1758 1287 1853 Episcopus,

166 1878 306 1973 Catgen,
318 1877 481 1973 Ausgon3
506 1876 550 1946 de
567 1873 672 1957 laicis,
686 1871 896 1958 Brochmed,
910 1872 1039 1968 Hegui,
1053 1874 1290 1971 Caratguinn.¹

168 1993 365 2087 Quicunque
384 1992 597 2075 custodierit,
614 1990 817 2062 benedictus
837 1990 898 2075 sit;
925 1990 984 2083 qui
1001 2013 1082 2062 vero
1099 1991 1288 2075 violaverit,

166 2111 361 2183 maledictus
376 2112 432 2182 sit.

268 2380 369 2450 'I'rusr
385 2396 515 2461 runnu,
531 2396 572 2446 m
588 2394 661 2459 nsr,
679 2370 790 2445 Lanu
807 2370 1029 2447 Mmsccsu³
1046 2375 1175 2449 Mnus.

206 2579 396 2651 Sciendum
415 2575 584 2669 estquod
606 2574 776 2645 discordia
799 2574 893 2645 facts
915 2582 968 2645 est
992 2575 1084 2646 inter
1104 2584 1288 2669 utramque

161 2696 323 2767 familiam
343 2693 536 2765 Oiuelliauc
561 2691 734 2785 Episcopi,
760 2698 797 2760 ct
821 2688 1038 2762 Brochmail⁴
1061 2692 1124 2763 filii
1149 2691 1290 2763 Mouric

161 2813 247 2905 apud
270 2810 497 2883 landavium.
548 2807 599 2878 Et
621 2807 715 2878 facta
738 2806 863 2899 injuris
887 2814 925 2877 et
948 2808 1088 2902 incepta
1113 2832 1134 2879 a
1160 2807 1290 2879 familia

161 2927 378 3011 Brochmnili,
390 2934 508 3016 motus
517 2933 571 2997 est
583 2923 785 3018 Episcopus,
803 2930 840 2993 et
856 2925 1078 3020 congregavit
1093 2947 1212 2996 omnes
1221 2924 1290 2995 cle-

162 3045 244 3116 ricos
263 3068 376 3137 usque
398 3043 443 3115 ad
464 3043 642 3114 inferiores
663 3039 803 3135 gradum
828 3040 941 3112 missis
956 3040 1080 3136 legatis
1099 3063 1161 3135 per
1176 3048 1290 3112 totam

160 3162 354 3253 parochiam
372 3162 466 3231 intra
481 3154 627 3231 ostium⁵
642 3155 777 3227 Teratir
796 3155 834 3226 in
850 3155 941 3250 Guy,
958 3179 1068 3250 usque
1084 3158 1129 3228 ad
1145 3153 1291 3228 ostium⁵

161 3275 259 3370 Tyui3
283 3285 322 3348 et
338 3277 498 3348 adunatis
518 3274 598 3357 illis,
620 3272 731 3343 voluit
753 3270 1023 3357 Brochmsilum,
1047 3281 1085 3344 et
1106 3280 1218 3345 totam
1240 3274 1291 3346 fa·

164 3393 289 3464 milium
304 3417 404 3464 snam
420 3393 486 3463 sibi
502 3391 722 3472 forisfsctam,
736 3397 773 3459 et
786 3387 865 3459 Deo
877 3412 1019 3461 exosam
1035 3399 1176 3484 propter
1192 3413 1291 3462 stram

164 3509 347 3599 nequitiam
362 3518 401 3580 et
412 3508 583 3600 injuriam,
600 3507 901 3577 excommunicare
917 3529 1033 3577 coram
1049 3507 1144 3577 omni
1161 3507 1290 3598 populo

162 3623 202 3693 in
225 3624 322 3716 plena
341 3626 472 3697 sinodo.
523 3623 573 3694 Et
594 3623 737 3694 audiens
760 3621 960 3693 Brochmsil
981 3630 1116 3694 tantam
1139 3644 1290 3693 summo·

123 3827 128 3840 .
160 3741 289 3812 tionem
310 3766 412 3836 snper
435 3764 482 3825 se,
507 3739 663 3833 quaesivit
685 3739 832 3822 veniam,
858 3747 895 3808 et
920 3739 1172 3833 indulgentiam
1196 3737 1290 3830 apud

158 3855 379 3930 landericum.
431 3857 512 3928 Nec
527 3857 629 3928 aliter
643 3856 772 3927 habere
788 3857 914 3948 potuit,
932 3855 997 3924 nisi
1014 3853 1171 3925 sufferret
1187 3877 1289 3924 cano·

154 4091 315 4181 praetium
331 4091 432 4162 faciei
449 4114 518 4162 suae
534 4087 760 4183 longitudine,
778 4095 815 4157 et
834 4085 1019 4157 latitudine
1035 4087 1072 4155 in
1092 4107 1178 4177 puro
1194 4107 1287 4167 auro,

154 4228 233 4276 cum
250 4207 496 4279 emendatione
516 4206 674 4277 facienda
693 4203 833 4275 familiae
849 4226 928 4286 suae,
945 4211 983 4274 et
999 4201 1208 4296 condignum
1227 4199 1290 4270 ho·

154 4345 276 4394 norem
287 4347 400 4409 suum,
414 4331 451 4396 et
462 4323 681 4395 nobilitatem
692 4321 879 4414 parentelae
891 4343 970 4392 suae.
1004 4318 1054 4390 Et
1067 4315 1289 4390 RexBroch-

184 4656 519 4716 misceamus.
553 4658 718 4729 aemma.
736 4657 770 4714 0.
805 4657 983 4728 cursuras.
999 4656 1033 4713 ο,
1067 4655 1132 4711 ⁴ss
1144 4653 1178 4711 0.
1192 4654 1289 4709 smn-

155 4749 219 4802 uu.
238 4747 281 4802 11.
314 4746 559 4803 vsaouoeaeum.
579 4745 617 4801 u.
