3450 5800
543 838 652 889 mann
676 835 935 888 niunavuuns.
1238 817 1307 889 149

169 1009 271 1092 silvis,
298 1009 336 1077 in
359 1004 452 1099 aquai
473 1013 512 1076 et
533 1005 570 1075 in
591 1004 735 1097 pascuis,
761 1003 892 1096 ubique
914 1026 976 1096 per
996 1009 1109 1073 tutam
1131 1003 1309 1098 regionem

169 1125 354 1198 Gleuissic.
406 1121 462 1194 De
479 1121 576 1192 laicis
593 1128 702 1192 testes
720 1127 810 1204 sunt,
836 1117 961 1190 Ithail1
980 1118 1306 1212 Rex,}Brochmail,

168 1241 307 1324 Gellan,
326 1239 458 1334 Adgar,
492 1234 792 1310 Guncar.—Fiuis
816 1235 955 1306 illarum
980 1237 1140 1308 villarum
1165 1246 1227 1321 est,
1258 1234 1310 1312 Or

166 1367 254 1452 pant
267 1356 387 1428 nessaf
395 1356 515 1426 dilicat
527 1349 693 1449 gurruni,2
706 1377 727 1423 ο
739 1350 1083 1446 gummi²hinniaun
1091 1376 1207 1446 genou
1215 1363 1309 1447 pant,

168 1476 225 1546 cui
248 1474 359 1544 ivinid
381 1470 494 1543 ni⁸hit
516 1471 571 1541 hit
590 1469 738 1565 guartha
754 1469 834 1540 isalt
851 1470 905 1538 dir
920 1469 1032 1552 claud,
1049 1470 1151 1541 claud
1168 1470 1258 1540 nihit
1274 1473 1311 1541 in

168 1599 265 1662 trans
281 1599 357 1661 trus
373 1590 385 1658 i
403 1589 481 1660 ford
497 1589 509 1658 i
527 1587 630 1658 claud
645 1586 736 1656 nihit
751 1586 822 1656 tnui
839 1585 936 1657 iecit
951 1586 1099 1680 iguairet
1115 1587 1146 1656 ir
1160 1594 1254 1679 pant,
1273 1611 1311 1658 ar

170 1707 227 1777 hit
248 1708 261 1777 i
281 1707 384 1776 claud
401 1705 455 1776 dir
471 1701 577 1787 caru*
593 1703 696 1773 claud
718 1702 809 1772 nihit
830 1703 861 1772 ir
877 1702 1028 1784 finnuun,
1047 1725 1086 1772 cr
1100 1702 1242 1772 finnaun
1259 1705 1312 1774 dir

173 1823 284 1905 claud,
303 1823 405 1893 claud
428 1821 518 1893 nihit
536 1820 590 1889 dir
605 1819 747 1889 finnaun
764 1819 858 1900 arall,
876 1842 917 1888 or
931 1819 1074 1889 finnaun
1090 1842 1129 1889 ar
1143 1818 1198 1888 hit
1213 1819 1226 1887 i
1242 1818 1312 1890 foss

170 1938 280 2009 ivinid
297 1939 368 2008 trui
384 1940 396 2007 i
415 1939 496 2020 coit,
515 1937 569 2007 dir
585 1935 695 2005 minid
712 1935 826 2006 arirall
843 1958 882 2005 au
900 1935 954 2005 hit
977 1934 1055 2017 foss,
1079 1936 1149 2006 foss
1170 1936 1261 2006 nihit
1283 1938 1314 2006 ir

174 2063 268 2147 pant,
284 2061 371 2147 pant
387 2053 478 2123 nihii
494 2053 604 2122 ivinid
620 2060 695 2122 trus
711 2053 725 2121 i
741 2051 818 2122 ford
834 2074 935 2122 maur
947 2075 985 2122 ar
997 2051 1049 2123 hit
1066 2052 1078 2120 i
1092 2051 1193 2122 claud
1209 2057 1312 2124 trusi·

175 2171 284 2242 minid
295 2172 416 2242 iniaun
429 2171 442 2239 i
458 2169 564 2252 blein,
582 2177 668 2261 pant
680 2168 809 2263 gulich,
824 2168 929 2239 diben
941 2168 1031 2240 lotre
1044 2167 1173 2239 Elidon
1189 2172 1201 2240 i
1218 2171 1313 2243 blain

175 2287 189 2355 i
210 2294 305 2380 pant,
323 2287 336 2356 i
357 2294 445 2379 pant
466 2286 615 2379 iguairet
637 2308 700 2378 per
715 2285 872 2355 medium
887 2283 987 2355 vallis
1003 2285 1057 2355 dir
1071 2285 1214 2357 finnaun
1230 2287 1314 2359 licat

174 2402 302 2496 puicu
319 2403 439 2496 gulich
459 2402 642 2496 irguairet
664 2424 703 2471 ar
721 2402 735 2470 i
756 2401 848 2473 hithi
871 2402 991 2472 iciueir
1012 2403 1157 2495 pouisua
1173 2404 1278 2474 deuui
1301 2406 1314 2476 i

174 2541 266 2610 penn
283 2519 399 2601 icam,
413 2519 489 2612 ynis
503 2519 632 2589 teireru
651 2519 664 2588 i
684 2518 786 2611 parth
803 2517 889 2588 anull
905 2518 1043 2600 iruant,
1056 2526 1142 2589 nant
1153 2520 1167 2588 i
1178 2522 1315 2612 guairet

176 2635 224 2704 ari
246 2635 302 2704 hit
325 2634 380 2704 hit
402 2635 440 2703 in
460 2657 544 2726 aper
565 2635 579 2702 i
600 2635 775 2728 guorruni,
801 2635 966 2728 guorruui
987 2635 1078 2703 nihit
1102 2657 1237 2705 sursum
1260 2636 1316 2706 hit

175 2771 266 2841 penu
282 2747 480 2844 gucciueir⁶
500 2749 512 2818 i
532 2759 628 2843 pant,
646 2751 707 2821 ubi
730 2751 859 2843 incepit
876 2750 964 2821 finis.
1015 2750 1224 2844 Quicunque
1239 2775 1316 2822 cus·

176 2866 327 2949 tudierit,
346 2866 521 2938 custodiat
536 2867 637 2938 illum
650 2866 762 2951 Deus;
789 2868 849 2960 qni
866 2873 984 2940 auiam
1001 2867 1046 2939 ab
1062 2867 1208 2940 ecclesia
1224 2868 1317 2940 Lan-

179 2983 284 3056 daviae
301 2984 521 3077 separaverit,
539 2984 725 3056 anathema
741 2985 796 3055 sit.

276 3248 500 3320 Ennucouua
518 3270 559 3321 nu
576 3249 710 3322 Gunun
727 3251 848 3324 Iseon
865 3273 979 3324 sunna
995 3273 1110 3332 lusan
1127 3254 1225 3326 Guu.

232 3446 373 3518 Judhail
390 3448 481 3533 Rex,
500 3449 680 3522 Morcanti
695 3451 796 3536 filius,
811 3461 848 3524 et
865 3454 928 3524 filii
940 3454 1015 3547 ejus
1032 3452 1195 3526 Fcrnueil
1211 3462 1317 3547 atque

185 3560 330 3647 Mouric,
358 3566 529 3640 dederunt
552 3576 623 3639 tres
639 3570 759 3639 uncias
775 3571 848 3665 agri
870 3571 966 3663 pleni
985 3571 1215 3665 navigationis
1233 3568 1314 3663 Guy

184 3676 331 3750 fluminis
345 3682 394 3776 (id
408 3691 461 3753 est
474 3683 694 3777 Emricorua)
709 3695 746 3756 et
759 3685 957 3757 Gurdccuis
972 3687 1209 3757 haereditarius
1226 3685 1317 3756 filius

183 3794 338 3881 Oatdem,
359 3800 462 3869 simul
480 3823 560 3870 cum
578 3802 637 3885 eis,
656 3801 744 3885 Dee,
769 3811 806 3873 et
830 3801 967 3873 Sanctis
991 3801 1168 3886 Dubrici0‚
1193 3809 1230 3872 ei
1251 3801 1317 3872 Te-

182 3910 285 3995 liauo,
304 3922 340 3983 et
358 3914 534 3999 Oudoceo,
553 3924 590 3987 et
607 3920 767 3989 omnibus
784 3920 853 3988 suis
871 3918 1122 3989 successoribus
1138 3914 1192 3988 in⁶
1208 3918 1319 3989 eccle·

179 4029 229 4099 sia
250 4026 438 4101 Laudaviae
458 4034 495 4102 in
512 4042 691 4127 perpetuo,
706 4036 895 4105 cumomni
911 4034 1073 4105 libertate
1090 4057 1161 4117 sua,
1175 4041 1212 4104 ct
1224 4057 1319 4105 core-

179 4146 273 4216 tibus
291 4146 362 4215 suis
380 4150 549 4233 omnibus,
574 4160 709 4221 etcum
730 4159 807 4221 tota
829 4152 1073 4222 communione
1088 4151 1126 4219 in
1142 4158 1319 4242 cumpost

177 4260 214 4329 in
235 4260 343 4343 silvie,
368 4262 404 4332 in
426 4288 517 4357 aqua
539 4274 576 4337 et
598 4268 635 4337 in
654 4266 909 4362 pascuis—De
925 4267 1077 4350 Cleiicis,
1103 4274 1211 4339 testes
1227 4276 1319 4351 sunt,

179 4373 375 4469 Episcopus
390 4377 585 4465 Oudoceus,
600 4383 765 4477 Daganus
776 4384 899 4455 Abbas
909 4383 1059 4455 Cerbani
1071 4382 1178 4467 vellis,
1191 4384 1320 4456 Eluoid

206 4659 373 4753 '¹snnss.
409 4698 562 4755 wama.
582 4699 615 4757 0.
650 4702 766 4758 nac.
801 4704 920 4760 *cm
933 4703 966 4759 0.
1001 4701 1263 4771 assumar.
1282 4701 1320 4757 n.

179 4779 190 4817 ⁸
200 4779 243 4837 Sic
255 4782 291 4838 0.
304 4786 334 4837 in
347 4784 429 4841 deest.
449 4784 486 4840 Η.
