3450 5800
517 831 624 882 arana
648 831 906 886 transversam.
1207 824 1277 894 103

151 1005 304 1076 “sionem
325 999 487 1093 accipias,
508 1006 546 1070 et
567 1000 612 1070 sis
632 1021 731 1070 meus
748 1001 922 1073 confessor
936 1004 974 1072 in
995 1001 1178 1078 Domino.”
1229 1009 1278 1082 Et

149 1121 299 1216 pontifex
311 1119 535 1190 consentiens
547 1117 681 1208 accepit
693 1116 943 1189 comessionem
956 1142 1063 1205 suam,
1073 1132 1110 1193 et
1121 1128 1279 1217 promisit

149 1238 202 1320 illi,
219 1238 339 1306 dicens
356 1255 438 1304 cum
458 1233 595 1314 fiducia,
612 1255 683 1302 non
699 1233 852 1304 vinumn
867 1257 905 1304 se
920 1245 1080 1321 mortem,
1101 1240 1166 1311 nisi
1184 1243 1279 1334 prius

150 1355 315 1448 acciperet
325 1373 451 1443 corpus
459 1347 711 1440 Domini‚quod
719 1349 793 1442 ipse
802 1361 1044 1426 consecrasset.
1070 1354 1279 1442 Etinds‚his

151 1470 301 1564 peractis,
315 1467 473 1561 perrexit
489 1472 627 1536 sanctus
640 1485 720 1533 cum
732 1467 803 1536 suis
815 1467 1010 1553 comitibus,
1021 1473 1067 1542 ad
1079 1471 1278 1550 Armoricae

152 1595 277 1682 gentes,
294 1591 333 1656 et
347 1581 439 1654 bene
456 1580 621 1651 continuo
643 1589 823 1673 susceptus
843 1591 898 1653 est
918 1585 962 1655 ab
983 1588 1044 1658 eis.
1096 1588 1276 1669 Audiente

155 1702 327 1783 Samsone,
343 1697 508 1770 Dolenais
526 1696 678 1767 ecclesiae
692 1694 976 1793 Archiopiscopo,
994 1704 1182 1777 adventum
1199 1735 1281 1783 oon.

156 1819 266 1890 finiris
282 1817 332 1888 sui
352 1817 388 1886 in
410 1813 568 1907 patriam,
587 1813 736 1882 ocomrit
753 1815 785 1883 ei
802 1837 884 1884 cum
899 1818 1035 1910 gaudio,
1053 1845 1134 1893 nam
1152 1826 1195 1896 de
1211 1851 1282 1900 ιιιιιι

156 1936 290 2028 regione
301 1931 468 2025 procreati
485 1929 631 2012 fuerant,
645 1929 797 2000 etunius
810 1930 936 2024 linguae
948 1935 1021 2018 viri,
1036 1945 1073 2006 et
1085 1940 1189 2013 simul
1200 1967 1282 2018 cum

155 2052 252 2122 beato
267 2047 434 2119 Dubricio
450 2042 707 2138 Archipraesule
724 2047 848 2129 edocti,
867 2055 904 2118 et
919 2051 1017 2142 cujus
1033 2075 1156 2128 manus
1172 2061 1282 2155 impo-

155 2167 271 2238 sitione
288 2164 440 2236 Sanctus
463 2160 610 2232 Samson
630 2172 850 2234 consecratus
866 2173 920 2235 est
936 2166 973 2236 in
990 2167 1225 2266 Episcopum,¹
1241 2187 1282 2250 ut

154 2286 187 2354 iu
199 2283 285 2356 Vita
296 2304 361 2352 sna
373 2273 555 2360 testatum²
570 2279 773 2371 rogavitque
787 2277 955 2351 Sanctum
967 2283 1134 2373 Teliaum,
1146 2300 1188 2360 ut
1200 2315 1281 2364 cum

155 2401 207 2470 illo
225 2399 429 2478 habitasset,
449 2402 487 2466 et
509 2394 685 2486 adquievit
702 2395 744 2478 ei,
769 2403 805 2466 et
822 2419 903 2468 cum
919 2421 962 2470 oo
979 2415 1211 2480 commoratus
1228 2420 1282 2481 est

155 2517 256 2587 multo
267 2524 441 2607 tempore,
454 2519 493 2582 et
503 2511 552 2580 ibi
568 2509 709 2603 reliquit
721 2513 879 2604 quoedam
894 2519 1085 2607 patrocinia
1100 2543 1169 2592 suae
1185 2545 1282 2598 sanc·

154 2634 264 2716 titatis,
292 2631 415 2712 idest,
441 2627 575 2698 fontem
596 2627 789 2712 sanifluum,
815 2628 881 2700 Oai
904 2633 1053 2716 nomine,
1080 2659 1185 2727 quem
1208 2641 1282 2732 ipsc

154 2751 270 2820 meruit
296 2770 321 2818 a
345 2744 500 2816 Domino
525 2741 704 2815 derivare.8
757 2743 806 2814 Et
830 2747 923 2817 inter
946 2757 1070 2820 caetera
1094 2754 1283 2826 sanitatum

155 2889 228 2959 quas
247 2863 381 2936 infirmi
402 2862 446 2933 de
468 2859 529 2931 illo
551 2861 741 2955 impetrant
761 2862 799 2932 in
821 2861 891 2935 Dci
911 2866 1062 2949 nomine,
1085 2877 1123 2940 et
1138 2869 1282 2957 Teliaui,

155 3006 252 3053 unum
264 2975 447 3051 inclitum⁴
456 2977 661 3048 miraculum
673 2988 854 3071 permanet
866 2982 916 3052 ibi
928 3004 1037 3075 usque
1046 2984 1159 3057 hodie.
1186 2988 1283 3061 Nam

27 3174 28 3179 ,
155 3108 265 3169 nauta.
280 3097 377 3169 illius
398 3095 512 3190 gentis
529 3090 729 3178 Armoricae,
755 3104 897 3189 propter
914 3107 1059 3170 ventum
1078 3114 1284 3178 consuetum

155 3217 194 3287 ad
204 3238 308 3287 nassa
320 3214 472 3295 illorum,
485 3220 525 3282 ut
537 3211 574 3281 in
587 3212 760 3282 directum
770 3214 932 3308 navigare
947 3218 1080 3309 possint
1092 3220 1135 3291 ad
1147 3231 1283 3294 rectum

155 3333 218 3401 iter
230 3333 291 3403 ubi
306 3330 428 3412 velint,
446 3335 651 3399 consuetum
671 3328 802 3399 habent
822 3330 922 3400 illum
938 3332 1130 3405 salvificum
1149 3336 1283 3409 fontem

158 3470 310 3541 purgare;
334 3454 372 3517 et
389 3445 513 3537 saepius
530 3466 571 3515 ec
584 3446 706 3537 scepius
718 3468 781 3537 per
792 3446 1044 3519 interventum⁶
1057 3450 1178 3524 Sancti
1191 3453 1284 3526 Pon·

161 3562 268 3647 tificis
283 3562 455 3634 Dominus
471 3560 616 3654 largitur
635 3562 828 3653 precarium
850 3562 998 3648 illorum,
1015 3567 1053 3636 id
1068 3577 1123 3638 est
1138 3578 1283 3641 ventum

160 3679 205 3749 ad
220 3679 329 3749 velum
343 3678 482 3772 navigii,
496 3684 537 3746 ut
553 3699 634 3746 cum
650 3678 776 3770 gaudio
792 3680 993 3773 gradiantur
1007 3704 1070 3774 per
1086 3706 1284 3775 aequoreum

27 3842 28 3899 ι
157 3794 232 3877 iter,
249 3794 308 3866 ubi
322 3795 385 3866 sibi
399 3792 491 3864 velle
504 3790 684 3864 videatur.⁶
734 3793 785 3897 Et·
795 3794 888 3865 aliud
906 3798 1137 3889 patrocinium
1149 3800 1202 3869 sui
1215 3808 1284 3871 tes·

27 3936 28 3945 2
155 3912 286 3982 timonii
302 3911 352 3982 ibi
367 3909 523 4001 reliquit:
550 3907 631 4002 Ipse
647 3910 750 3993 anim,
764 3918 802 3981 et
817 3911 1001 4003 pradictus
1018 3911 1167 3984 Sanctus
1184 3913 1284 3985 Sam·

27 4016 28 4095 }
152 4052 211 4099 son
230 4028 479 4122 plantavenmt
498 4047 664 4119 magnum
684 4049 807 4097 nemus
823 4027 973 4098 arboreti
992 4025 1172 4121 turgaten]
1187 4034 1284 4122 quasi

152 4146 192 4215 ad
208 4146 275 4216 tria
291 4144 466 4225 milliario,
485 4141 522 4211 id
539 4150 601 4224 est,
623 4164 644 4213 a
661 4140 733 4214 Dol
748 4166 858 4236 usquo
874 4144 911 4212 in
928 4142 1001 4226 Oai,
1019 4151 1057 4213 et
1079 4144 1284 4216 decorantur

152 4260 222 4352 ipsa
236 4282 385 4332 nemora
401 4280 448 4329 ex
463 4280 583 4329 comm
603 4260 753 4342 nomine,
769 4282 879 4352 usque
896 4259 933 4328 in
954 4259 1160 4330 hodiernum
1176 4260 1283 4347 diem3

153 4386 318 4449 vocantur
334 4376 432 4447 enim
444 4372 619 4446 Arboret'a
634 4374 776 4457 Teliaui,
795 4383 831 4446 st
844 4374 1030 4447 Samsonis.
1080 4375 1130 4447 Et
1146 4401 1191 4449 ex
1207 4378 1285 4449 ἰΙΙο8

184 4616 356 4685 ¹Epiccopua.
375 4613 409 4669 Ο.
445 4611 673 4667 ²Soilicetinhoo
690 4612 778 4667 codice
793 4618 880 4667 amm.
897 4612 931 4667 Ε.
967 4613 1031 4668 ³Sic
1052 4613 1088 4669 Ο.
1105 4609 1227 4671 escars.
1247 4616 1285 4669 H.

152 4700 311 4771 *Incipiam
326 4701 360 4756 0.
395 4699 462 4755 asic
475 4698 508 4753 0.
521 4702 679 4754 intuentum.
694 4698 731 4754 H.
767 4699 934 4755 wirnto,
969 4699 1071 4755 ⁷Forte
1079 4698 1131 4771 leg.
1136 4702 1285 4768 fructiferi.

152 4785 184 4841 E.
214 4791 282 4843 ⁸Eo.
303 4788 338 4842 Ο.
