3450 5800
431 798 479 869 82
803 818 911 869 moun
935 820 1194 872 ununnvuusrs.

430 986 500 1055 suis
512 986 679 1068 manibus,
693 986 738 1056 ad
754 987 983 1057 reverentiam
999 988 1088 1057 tanti
1106 986 1267 1071 thesauri,
1280 999 1317 1060 et
1334 989 1416 1060 totil
1433 994 1565 1084 patriae,

429 1103 465 1171 in
482 1102 549 1171 tria
564 1102 700 1172 bacinia
716 1112 797 1173 ante
814 1102 923 1173 altare
940 1102 1037 1173 Petri
1054 1103 1210 1196 apostoli,
1223 1114 1260 1175 et
1273 1114 1470 1177 sanctorum
1483 1132 1568 1179 con-

428 1217 595 1287 fessorum
614 1216 781 1300 Dubricii,
799 1218 943 1301 Teliaui,
957 1218 1124 1302 Oudocci,
1141 1221 1261 1289 statim
1277 1229 1375 1293 tactu
1391 1246 1566 1294 sacrarum

429 1333 651 1425 reliquiarum
674 1334 833 1403 ebullivit
855 1358 945 1427 aqua
965 1336 1128 1426 undique,
1151 1333 1257 1405 miro²
1272 1345 1313 1433 et
1329 1337 1439 1407 veluti
1458 1341 1566 1410 misso

428 1450 550 1542 grandi
563 1448 675 1520 calido
687 1458 724 1519 et
736 1451 844 1520 rubeo
856 1450 981 1543 lapide.
1022 1450 1107 1521 Non
1119 1453 1568 1545 tantumproebullitione³

428 1565 635 1637 multimoda
655 1590 718 1659 per
733 1574 848 1636 totum
871 1567 1046 1636 bacinium
1063 1567 1277 1638 mirabantur
1292 1569 1488 1662 stupefacti,
1506 1594 1567 1641 ve·

428 1704 505 1751 mm
526 1684 633 1753 etiam
653 1691 788 1754 tantam
809 1706 935 1774 aquarn
955 1681 1120 1752 nimium*
1136 1683 1340 1754 calefactam
1356 1688 1566 1757 sentiebant.

429 1796 468 1866 N
470 1821 511 1868 ec
532 1822 638 1891 parva
659 1798 752 1868 horas
778 1808 840 1869 aut
862 1799 973 1891 spatio
989 1800 1169 1881 momenti,
1192 1801 1378 1871 sedetiam
1397 1803 1567 1893 quamdiu

428 1913 627 1985 alternatim
643 1916 873 1985 movebantur
883 1916 928 1985 ab
940 1915 1010 1985 illis
1021 1917 1253 1987 communiter
1268 1918 1306 1987 in
1317 1940 1416 2009 aqua,
1429 1920 1567 1988 tamdiu

429 2032 595 2122 usquead
610 2030 717 2101 finem
730 2030 926 2113 ablutionis,
939 2032 1116 2101 crescebat
1128 2031 1224 2102 calor
1234 2032 1272 2101 in
1283 2055 1387 2125 aqua;
1404 2057 1474 2103 non
1486 2042 1567 2104 tau-

429 2154 506 2216 tum
519 2147 620 2229 visua,
633 2154 670 2217 et
687 2154 801 2217 tactus
818 2148 1014 2217 sentiebant
1029 2148 1245 2231 miraculum,
1258 2149 1330 2219 imo
1343 2150 1491 2235 auditus,
1504 2175 1568 2222 au-

429 2265 563 2334 dientes
580 2264 710 2345 caloris,
729 2271 765 2333 et
781 2263 916 2334 humidi
933 2265 1086 2334 sonitum
1102 2272 1139 2334 et
1155 2263 1358 2335 tumultum.

478 2379 547 2449 IX.
574 2378 643 2450 His
659 2380 749 2461 visis,
767 2381 904 2463 auditis,
921 2387 958 2449 et
975 2380 1087 2461 tactis,
1104 2387 1145 2448 ut
1161 2389 1215 2450 est
1232 2382 1429 2452 “mirabilis
1441 2381 1570 2453 Domi-

430 2506 524 2566 ·‘uus
536 2497 572 2565 in
584 2496 712 2565 sanctis
724 2496 824 2579 suis‚’‘
834 2497 969 2588 accepit
980 2496 1171 2588 Episcopus
1182 2520 1292 2567 unum
1305 2520 1343 2567 os
1356 2499 1400 2567 de
1412 2498 1566 2582 brachio,

430 2619 467 2683 et
481 2620 641 2695 tractans,
654 2608 741 2705 prae⁵
753 2614 861 2682 nimio
874 2612 1001 2706 gaudio
1013 2612 1147 2681 remisit
1163 2613 1200 2682 in
1216 2635 1351 2704 aquam,
1366 2623 1403 2683 et
1419 2616 1568 2685 missum

428 2729 473 2798 ad
494 2728 642 2798 fundum
662 2751 759 2820 aquae
779 2731 891 2798 movit
907 2752 945 2799 se
965 2729 1135 2810 infundo,
1156 2751 1219 2821 per
1235 2730 1395 2820 spatium,
1412 2730 1510 2799 nullo
1526 2754 1569 2802 se

427 2853 591 2916 movente
607 2845 672 2914 uisi
690 2845 806 2915 divino
824 2845 1005 2928 tutamine,
1022 2868 1085 2938 per
1100 2842 1261 2915 nimiam⁰
1277 2844 1408 2915 horam.
1459 2845 1569 2930 Quod

429 2985 509 3032 cum
532 2962 673 3031 vidisset
695 2962 787 3032 solus
809 2963 979 3055 imprimis
1001 2962 1184 3031 advocavit
1206 2960 1391 3032 Decanum
1413 2963 1479 3032 sibi
1503 2965 1569 3034 ad-

427 3078 626 3160 haerentem,
644 3085 684 3146 ut
702 3078 835 3148 videret
852 3079 936 3148 ossis
953 3086 990 3148 et
1006 3101 1103 3169 aquae
1119 3079 1321 3161 motionem,
1334 3079 1438 3148 simul
1453 3087 1491 3149 et
1508 3103 1569 3150 oa-

427 3194 619 3287 pellanum;
637 3203 673 3264 et
686 3191 857 3264 refemnt⁷
866 3201 981 3287 grates
993 3192 1072 3264 Deo
1083 3195 1138 3287 (ut
1150 3194 1187 3262 in
1200 3217 1259 3263 oro
1269 3194 1416 3264 duomm
1428 3203 1490 3265 aut
1504 3196 1570 3265 tri-

428 3332 489 3378 um
506 3308 569 3378 sit⁸
588 3332 691 3379 omne
711 3308 981 3400 testimoninm)
1005 3333 1067 3402 pro
1083 3318 1183 3379 tauto
1199 3310 1376 3380 miraculo.
1427 3311 1569 3396 Quibus

428 3427 508 3496 visis
530 3427 575 3495 ad
597 3425 735 3496 laudem
752 3434 790 3496 et
812 3426 1062 3496 exaltationem
1078 3426 1232 3496 ecclesiae
1249 3425 1328 3509 Dei,
1344 3428 1469 3519 posita>
1482 3439 1570 3498 sunt

427 3543 580 3635 reliquiae
598 3540 719 3612 Sancti
745 3541 904 3614 Dubricii
928 3544 966 3612 in
990 3544 1148 3613 tumbam
1166 3544 1212 3612 ad
1235 3542 1302 3612 hoc
1318 3551 1447 3634 aptam,
1473 3552 1512 3613 et
1528 3545 1569 3613 in

427 3660 571 3751 antiquo
583 3659 802 3742 monasterio,
815 3668 898 3728 ante
911 3657 1048 3728 Sancta
1066 3657 1190 3728 Mariae
1207 3658 1316 3729 altare
1332 3682 1451 3729 versus
1467 3661 1571 3751 aqui-

427 3775 578 3846 lonalem
589 3775 742 3869 plagam3
768 3784 805 3845 et
821 3776 1005 3868 praedictus
1018 3773 1188 3857 Antiates,
1202 3776 1254 3843 vir
1266 3775 1365 3844 bonae
1377 3777 1569 3859 memoriae,

428 3892 547 3962 videns
572 3892 639 3961 loci
663 3893 881 3984 parvitatem,
907 3893 944 3961 iu
969 3891 1185 3985 longitudine
1204 3911 1340 3960 xxvm.
1361 3892 1501 3984 pedum,
1528 3895 1570 3963 in

427 4007 610 4079 latitudine
629 4029 692 4077 xv.
710 4008 894 4078 altitudine
908 4027 974 4078 xx.
988 4017 1025 4077 et
1038 4031 1119 4077 cum
1131 4008 1265 4078 duabus
1277 4007 1341 4076 alis
1353 4031 1400 4077 ex
1415 4017 1570 4100 utraque

426 4134 534 4214 parte,
558 4124 746 4194 admodum
767 4147 882 4216 parvae
901 4125 1115 4216 quantitatis,
1137 4133 1174 4194 et
1197 4123 1400 4206 altitudinis,
1422 4132 1460 4194 et
1482 4148 1570 4194 cum

426 4241 562 4331 porticu
579 4242 788 4333 x11.pedum
805 4241 1030 4335 longitudinis
1047 4248 1084 4309 et
1101 4240 1303 4322 latitudiuis,
1316 4241 1473 4310 rotundae
1490 4264 1570 4312 mo-

426 4355 483 4437 lis;
501 4357 642 4427 oonsilio
660 4357 836 4448 Radulphi
850 4356 1107 4427 Cantuarieusis
1123 4356 1276 4427 ecclcsiae
1289 4354 1569 4450 Archiepiscopi,

463 4592 563 4646 ¹Forto
581 4597 669 4646 totius.
687 4593 721 4646 E.
760 4593 861 4647 ²l'ortc
879 4610 927 4664 pro
944 4595 1019 4649 mire.
1037 4593 1071 4648 Β.
1109 4593 1270 4646 lla'bullioai.
1289 4592 1369 4645 MSS.
1388 4591 1421 4645 B.
1460 4593 1571 4646 41111ιί-

426 4695 508 4732 muna.
526 4679 559 4732 Ο.
594 4681 677 4732 ⁵Pro.
693 4679 726 4733 Ο.
762 4680 931 4736 finitimam.
949 4681 983 4736 0.
1018 4680 1209 4750 lbrfcruntur.
1228 4677 1261 4733 0.
1295 4680 1371 4732 wa.
1390 4677 1424 4734 0.
1458 4678 1571 4737 ⁹Deut.

430 4766 489 4820 xix.
504 4770 546 4820 15.
565 4765 632 4820 Mat.
645 4765 720 4819 xviii.
734 4769 774 4818 16.
