3450 5800
428 810 497 880 100
796 816 904 866 masa
927 813 1184 868 saxosusque.

425 995 474 1064 eis
503 977 683 1083 expediret
707 1007 788 1055 cum
816 983 944 1076 lingue
968 1003 1089 1050 corum
1112 982 1253 1074 penitis
1277 1005 1400 1076 expers
1424 983 1558 1055 ixisset.

424 1107 562 1200 Incepit
578 1100 713 1175 tamenl
731 1099 880 1171 Sanctus
898 1096 1020 1167 Sacrae
1037 1095 1232 1190 Scripturas
1248 1121 1430 1191 exponere,
1447 1107 1488 1169 ut
1504 1123 1560 1171 sa-

424 1223 600 1296 tisfaoaret
611 1216 817 1312 supplicanti
827 1213 966 1307 populo,
977 1214 1028 1282 ita
1035 1215 1319 1308 utunusquisque
1332 1217 1560 1287 circumstan-

424 1342 513 1411 tium
531 1338 689 1408 audirent
701 1333 801 1405 illum
816 1353 879 1402 sua
894 1330 1013 1423 lingua
1028 1329 1239 1421 loquentem.
1289 1329 1422 1402 Omnes
1437 1341 1560 1403 autern

424 1457 484 1550 qui
501 1477 582 1526 eum
599 1450 786 1525 audiebant
804 1446 1059 1540 predicantem,
1077 1454 1176 1517 unta
1192 1447 1375 1519 dulcedine
1391 1450 1559 1521 sermonis

422 1573 516 1644 illius
538 1578 619 1642 sirnt
641 1565 766 1648 affecti,
790 1564 883 1656 quod
904 1563 942 1631 in
958 1570 1128 1653 qnantum
1144 1585 1225 1634 eum
1242 1565 1372 1636 diutius
1387 1565 1558 1648 audirent,

422 1689 533 1782 magis
553 1685 731 1778 magisque
752 1680 852 1750 illum
872 1679 992 1748 audire
1013 1679 1257 1750 desiderarent.
1308 1679 1381 1751 Sed
1402 1682 1557 1763 taudem,

421 1813 605 1898 postquam
621 1800 743 1871 refecti
760 1804 841 1868 sunt
856 1796 1007 1866 universi
1023 1794 1209 1887 saporifera
1224 1795 1316 1866 illius
1332 1797 1498 1882 doctrina,
1511 1822 1559 1870 ne

421 1917 628 2013 predicandi
641 1915 793 1986 officium
805 1912 981 1983 videretur
996 1933 1212 2003 presumere,
1228 1912 1258 1983 si
1274 1911 1366 1984 solus
1377 1915 1560 2006 praedicas-

422 2045 485 2118 set,
510 2036 560 2105 ait
580 2030 719 2126 populo,
746 2027 905 2098 “Audite
923 2028 999 2120 jam
1019 2051 1041 2100 a
1060 2027 1222 2100 fratribus
1241 2030 1328 2100 meis
1344 2030 1449 2102 verba
1465 2032 1558 2114 vitae,

422 2161 442 2192 “
453 2152 512 2243 qui
533 2173 592 2220 me
614 2145 836 2241 perfectiores
857 2152 939 2214 sunt
960 2144 998 2213 in
1014 2145 1096 2227 vita,
1113 2151 1150 2214 et
1167 2145 1402 2238 diligentiores
1421 2147 1459 2216 in
1474 2148 1559 2218 doo-

421 2264 572 2337 “trina.”
622 2262 855 2334 Surrexerunt
880 2262 998 2353 itaque
1021 2259 1171 2331 Sanctus
1193 2260 1319 2344 David,
1343 2271 1380 2332 et
1401 2262 1558 2334 humilli-

420 2405 498 2452 mus
515 2380 584 2451 Dei
601 2401 718 2450 servus
735 2377 915 2460 Paternus,
933 2385 970 2448 et
986 2378 1259 2470 predicaverunt
1273 2379 1412 2471 populo,
1425 2379 1463 2448 in
1480 2378 1557 2449 Do-

419 2499 516 2568 mino
532 2495 753 2578 confidentes,
776 2496 836 2586 qui
854 2495 950 2576 dicit,
977 2492 1094 2563 “Cum
1115 2495 1279 2565 veneritis
1297 2501 1380 2566 aute
1400 2518 1499 2589 reges
1514 2503 1557 2566 et

420 2613 604 2706 “praesides
614 2612 723 2682 nolite
737 2613 890 2706 cogitare
908 2610 1092 2703 quomodo,
1106 2618 1168 2680 aut
1181 2611 1264 2702 quid
1282 2610 1481 2702 loquamini,
1494 2611 1558 2682 da-

420 2730 539 2800 “bitur
550 2730 645 2800 enim
657 2728 755 2799 vobis
766 2728 803 2798 in
815 2727 877 2798 illa
892 2728 977 2797 hora
994 2728 1077 2819 quid
1093 2723 1329 2819 loquamini.'’²
1366 2726 1427 2797 Sic
1442 2730 1558 2799 sancti

418 2845 551 2919 alterna
563 2869 625 2919 sua
636 2845 888 2940 praedicatione,
902 2844 1000 2936 quasi
1017 2844 1159 2915 diversis
1175 2842 1323 2927 ferculis,
1336 2843 1555 2916 audientium

416 2972 553 3034 mentes
569 2963 779 3045 reficiebant,
796 2970 837 3032 ut
854 2962 943 3054 siqui
956 2984 1077 3031 eorum
1093 2961 1187 3053 prius
1203 2961 1241 3029 in
1256 2960 1326 3031 fide
1338 2960 1553 3044 vacillarent,

417 3078 555 3150 Sancte
571 3079 750 3149 Trinitatis
766 3078 881 3161 fidem,
895 3078 1118 3171 pergratiam
1141 3078 1393 3169 predicationis
1414 3086 1554 3149 sancto-

417 3217 494 3263 rum
517 3192 767 3287 perfectissime
791 3201 962 3264 tenerent.
1017 3192 1103 3264 Post
1127 3194 1210 3276 haec,
1236 3194 1327 3263 siout
1351 3193 1555 3264 nuntiatum

415 3310 530 3379 fuerat
545 3333 608 3403 per
619 3309 792 3403 angelum,
810 3310 854 3380 ab
866 3312 1027 3380 universa
1037 3309 1140 3402 plebe
1152 3310 1266 3391 electi,
1279 3308 1454 3379 sublimati
1466 3321 1554 3381 sunt

415 3426 607 3519 pontificali
620 3426 805 3520 dignitate3
829 3426 968 3498 Teliaus
980 3426 1056 3496 vioe
1069 3425 1176 3507 Petri,
1190 3424 1306 3495 David
1318 3426 1393 3495 vioe
1409 3423 1434 3495 J
1434 3426 1553 3510 acobi3

415 3550 452 3612 et
465 3544 561 3635 quasi
574 3544 611 3613 in
623 3543 861 3614 testimonium
873 3543 994 3636 gratioe
1006 3563 1111 3635 quam
1123 3540 1172 3612 ibi
1184 3540 1352 3636 (Domino
1364 3540 1551 3635 largiente)

414 3666 645 3753 susceperant,
664 3660 746 3731 data
761 3667 842 3730 sunt
858 3659 909 3731 eis
925 3660 993 3730 tria
1008 3680 1152 3729 munera
1168 3657 1335 3750 pretiosa,
1352 3666 1456 3749 prout
1471 3660 1553 3728 uni·

415 3776 540 3868 cuique
564 3777 806 3868 competebat:
842 3774 1004 3858 Patemo‚
1029 3774 1173 3845 baculus
1197 3782 1235 3845 et
1259 3773 1405 3845 choralis
1428 3796 1550 3868 cappa,

412 3892 666 3983 pretiosissimo
679 3892 787 3963 serico
799 3899 975 3973 contexta,
989 3915 1031 3962 eo
1045 3892 1136 3983 quod
1149 3888 1265 3960 illum³
1278 3890 1455 3984 egregium
1467 3914 1551 3962 can·

411 4014 525 4078 torem
555 4009 738 4079 videbant:
775 4007 906 4079 Sancto
931 4017 1050 4079 antem
1076 4006 1192 4077 David
1217 4006 1327 4078 altare
1351 4006 1548 4089 mirificum,

410 4124 498 4194 nulli
514 4125 604 4195 bene
620 4134 752 4207 notum,
771 4125 815 4195 de
828 4122 898 4217 qni
912 4121 1061 4195 materiis
1072 4121 1194 4193 fuerit⁴
1210 4123 1455 4216 compositum;
1479 4146 1549 4194 nec

409 4240 454 4310 ab
474 4264 511 4310 re
527 4240 598 4311 tale
616 4242 698 4333 quid
719 4243 752 4311 ai
768 4242 890 4313 datum
911 4250 975 4323 est,
996 4262 1077 4311 nam
1096 4239 1284 4331 jucundius
1303 4241 1436 4310 caeteris
1455 4238 1550 4311 cele-

409 4356 531 4427 brabat
542 4354 569 4427 :⁶
595 4354 795 4428 Novissime
811 4365 931 4428 autem
947 4358 1052 4427 beato
1069 4354 1224 4447 pontifici
1237 4355 1389 4437 Teliauo,
1403 4378 1473 4426 non
1485 4379 1550 4426 ex-

440 4761 576 4818 ¹Jam.0.
617 4762 706 4818 ²r1at.
719 4782 748 4817 x.
762 4766 804 4821 19.
843 4765 989 4822 ³liram.0.
1030 4762 1173 4819 traco,
1212 4762 1277 4817 ⁵Sic
1291 4760 1325 4816 Β.
1336 4762 1450 4817 celebret.
1464 4762 1551 4822 MSS.
