3450 5800
405 797 451 869 68
778 815 887 866 mnus
911 816 1172 876 munsvsrvsra

404 1004 556 1073 corpore,
583 987 619 1049 et
639 981 805 1074 sanguine
826 978 906 1064 Dei,
932 990 970 1052 et
995 980 1139 1053 Domini
1165 979 1411 1073 Redemptoris
1435 983 1546 1053 nostri

403 1097 491 1169 Jesu
508 1096 646 1179 Christi,
673 1097 787 1167 aliena
810 1098 887 1182 fiat;
912 1107 1018 1191 atque
1043 1101 1080 1168 in
1105 1106 1264 1170 extremo
1290 1099 1452 1168 examine
1477 1099 1547 1169 dis-

404 1216 516 1285 triotae
540 1213 666 1283 ultioni
692 1214 878 1306 subjaceat.
937 1214 1083 1286 Cunctis
1108 1224 1227 1285 autem
1251 1214 1367 1284 eidem
1391 1214 1548 1285 ecclesiae

398 1332 495 1423 justa
511 1331 736 1414 servantibus,
753 1332 816 1400 fiat
832 1354 902 1423 pax
919 1329 1063 1401 Domini
1079 1333 1188 1401 nostri
1204 1328 1229 1399 J
1231 1354 1292 1401 esu
1304 1330 1444 1413 Christi,
1462 1355 1549 1423 qua·

405 1457 508 1517 tenus
525 1454 561 1517 et
578 1446 634 1517 hic
652 1448 804 1517 fructum
820 1448 921 1517 bonae
937 1449 1083 1517 actionis
1099 1448 1301 1540 percipiant,
1315 1454 1353 1517 et
1368 1447 1462 1539 apud
1479 1447 1550 1518 dis-

405 1561 564 1634 triotum1
581 1561 606 1632 J
606 1564 745 1633 udicem
761 1564 904 1655 praemia
920 1571 1056 1634 aeternae
1072 1565 1167 1656 pacis
1183 1564 1371 1633 inveniant.

456 1678 542 1749 Post
557 1678 631 1749 haeo
644 1680 793 1749 surrexit
806 1678 896 1762 Rerr,
910 1680 1117 1750 circumiens
1128 1687 1246 1749 totum
1257 1681 1479 1762 territorium,
1492 1676 1549 1749 et'

405 1803 546 1889 portans
559 1795 778 1890 evangelium
795 1796 832 1863 in
845 1796 956 1879 dorso,
971 1819 1052 1865 cum
1065 1795 1209 1867 Clericis
1221 1796 1414 1866 ferentibus
1427 1816 1549 1866 cruces

404 1913 627 1995 inmanibus,
651 1911 754 1981 simul
771 1920 808 1981 et
830 1911 1007 2004 reliquias3
1033 1922 1070 1983 et
1092 1936 1230 2005 aspersa
1245 1936 1336 2005 aqua
1351 1911 1548 1995 benedicta,

405 2028 509 2098 simul
526 2051 606 2097 cum
628 2026 772 2120 pulvere
788 2029 980 2120 pavimenti
997 2029 1160 2112 ecclesiae,
1185 2030 1223 2098 iu
1240 2029 1401 2098 omnibus
1419 2027 1549 2097 finibus

403 2144 576 2225 territorii,
599 2143 854 2235 perambulavit
873 2168 937 2236 per
952 2152 1083 2229 totum;
1109 2145 1192 2215 data
1211 2144 1454 2214 benedictione
1471 2166 1549 2214 om-

405 2260 507 2330 nibus
529 2261 780 2330 conservaturis
796 2261 1053 2353 eleemosynam
1064 2268 1150 2331 'oum
1168 2262 1263 2330 omni
1284 2260 1450 2352 praedicta
1471 2260 1551 2353 dig-

403 2378 515 2445 nitate
534 2376 715 2469 privilegii,
743 2384 779 2445 et
801 2375 936 2471 refugii,
962 2378 1208 2448 maledictione
1229 2385 1348 2447 autem
1368 2376 1550 2447 violaturis

404 2495 441 2561 in
458 2514 584 2585 magno
601 2493 716 2563 autin
732 2493 880 2576 modico,
898 2501 940 2562 ut
955 2495 1160 2586 praedictum
1178 2502 1240 2564 est.

454 2608 591 2681 Videns
616 2618 735 2679 autem
753 2608 903 2679 Sanctus
929 2609 1118 2681 Dubricius
1142 2609 1335 2703 largifluam
1360 2616 1551 2702 potentum

403 2749 546 2795 manum
564 2748 646 2820 erga
667 2727 732 2797 sibi
749 2727 970 2796 commissam
987 2726 1179 2810 ecclesiam,
1206 2728 1354 2818 partitus
1374 2733 1428 2797 est
1446 2726 1551 2797 disoi-

403 2842 518 2936 pulos;
535 2844 681 2914 mittens
694 2843 862 2935 quosdam
875 2842 1123 2936 discipulorum
1140 2839 1298 2913 suorum³
1309 2866 1372 2935 per
1384 2842 1551 2915 ecclesias

405 2959 471 3029 sibi
499 2960 605 3042 datas,
634 2967 671 3029 et
698 2960 905 3050 quibusdam
928 2959 1087 3029 fundavit
1110 2959 1282 3042 ecelesias,
1306 2967 1343 3029 et
1368 2960 1551 3052 episcopos

405 3098 467 3167 per
497 3075 691 3145 dextralem
725 3074 953 3157 Britanniam,
988 3073 1254 3146 coadunatores⁴
1286 3076 1352 3145 sibi
1382 3077 1553 3146 ordinatis

404 3190 576 3282 parochiis
600 3193 678 3274 suis,
706 3191 1167 3274 consecravit-Danielem
1193 3189 1246 3261 in⁵
1271 3191 1482 3284 Episcopum
1508 3194 1552 3262 in

405 3304 633 3376 Bancorensi6
646 3308 797 3390 civitate,
811 3316 849 3377 et
865 3308 982 3400 plures
998 3309 1084 3378 alios
1096 3309 1240 3379 abbates
1257 3317 1294 3378 et
1310 3309 1552 3401 praesbyteros,

406 3445 487 3492 oum
504 3422 722 3493 inferioribus
739 3424 930 3506 ordinibus3
957 3424 1116 3494 Ildutum
1132 3425 1169 3494 in
1182 3424 1362 3496 Abbatem
1377 3425 1470 3518 apud
1484 3448 1554 3518 po-

406 3538 490 3608 dum
508 3547 671 3608 vocatum
687 3539 732 3609 ab
748 3541 873 3610 eodem
892 3539 1093 3610 Lannildut.

456 3652 571 3724 Locus
588 3653 743 3726 Moerosi
761 3679 865 3750 super
880 3657 992 3750 ripam
1010 3657 1101 3750 Guy,
1126 3682 1230 3750 quem
1253 3660 1359 3752 priori
1378 3667 1553 3751 tempore,

405 3770 529 3842 beatus
552 3772 604 3840 vir
625 3770 812 3843 Dubricius
834 3775 929 3866 prius
950 3774 1214 3858 inhabitaverat,
1241 3776 1332 3845 douo
1350 3783 1388 3846 et
1408 3758 1557 3846 conces-

405 3889 501 3958 sione
514 3885 669 3957 Mourici
682 3887 799 3983 Regis,
815 3899 851 3960 et
869 3889 1081 3983 Principum,
1095 3892 1197 3962 datus
1214 3899 1268 3961 est
1284 3892 1438 3962 ecclesiae
1456 3890 1557 3962 Lan-

406 4004 524 4086 daviae,
540 4012 577 4074 et
593 4006 788 4096 pastoribus
805 4007 875 4076 suis
891 4008 928 4076 in
945 4015 1129 4100 perpetuo;
1156 4016 1193 4078 et
1208 4016 1250 4078 ut
1266 4008 1326 4080 ille
1342 4010 1436 4101 prior
1451 4007 1557 4080 locus

405 4122 587 4211 posteriori
604 4144 740 4214 semper
756 4123 910 4206 serviret,
924 4126 1113 4194 cumomni
1130 4148 1193 4195 suo
1205 4125 1389 4207 territorio,
1403 4132 1441 4194 et
1453 4126 1557 4195 omni

406 4235 578 4319 libertate,
596 4234 720 4308 libere⁷
737 4239 782 4309 ab
798 4241 894 4311 omni
911 4241 1019 4334 regali
1036 4242 1176 4312 servitio
1193 4242 1231 4311 in
1246 4247 1426 4335 perpetuo.

442 4576 505 4632 ¹Sio
523 4577 557 4632 0.
575 4580 681 4634 dictam.
701 4579 740 4635 H.
779 4581 834 4635 2ut
851 4582 935 4637 deest.
954 4582 987 4637 0.
1026 4584 1243 4652 wacipoloum
1259 4601 1370 4638 auorum
1386 4584 1495 4637 desunt.
1517 4582 1559 4640 0.

405 4665 452 4717 sed
469 4664 551 4718 habet
568 4683 656 4719 eorum
673 4668 731 4722 vico
748 4667 852 4723 ultima
871 4671 951 4724 vocis.
970 4670 1004 4724 E.
1039 4671 1118 4727 ⁴Pro
1136 4673 1305 4739 coadjutores.
1323 4670 1358 4727 E.
1393 4670 1559 4727 vindecet.

406 4749 440 4804 Ο.
476 4750 664 4819 chcporcnsi.
683 4754 716 4808 0.
751 4755 854 4812 lForte
866 4775 916 4829 pro
928 4759 998 4813 liter.
1018 4758 1052 4813 Ε.
