3450 5800
555 831 664 882 aman
686 828 945 881 nsunnvsusls.
1295 810 1318 881 5

190 998 336 1069 “tione”
398 997 579 1090 Inquisitis
607 995 661 1067 his
690 996 859 1077 omnibus,
890 1002 927 1065 et
955 994 1075 1067 multis
1103 972 1188 1079 aliis,
1219 996 1318 1069 flexis

187 1115 326 1209 genibus
342 1122 426 1185 ante
442 1122 602 1185 sanctum
617 1114 740 1193 vuum,
765 1135 847 1183 cum
863 1112 1025 1205 suspiriis,
1051 1120 1088 1183 et
1104 1134 1185 1183 cum
1202 1112 1318 1185 effluis

187 1231 349 1324 lacrymis
371 1232 426 1300 vir
440 1230 541 1302 bonae
556 1230 741 1311 memoria,
762 1229 884 1299 doctor
900 1250 1055 1298 summus
1071 1251 1141 1321 prae
1157 1230 1317 1301 omnibus

187 1348 289 1418 totius
305 1345 452 1429 (dualia,
477 1348 609 1439 peritus
628 1346 666 1415 in
685 1341 831 1415 seientia
845 1345 1025 1437 utriusque
1041 1344 1136 1439 legis,
1158 1366 1255 1415 norae
1280 1353 1318 1417 et

189 1464 315 1546 veteris,
340 1464 473 1533 comite
488 1462 596 1533 nobili
612 1458 800 1555 parentali,
825 1469 961 1532 etcum
981 1461 1186 1531 secularium
1206 1460 1317 1532 littar-

189 1602 280 1649 arum
302 1581 493 1673 sagacitate
517 1586 555 1650 et
576 1575 711 1672 peritii,
736 1576 895 1647 hortatus
915 1585 969 1647 est
992 1572 1150 1646 nimium¹
1175 1576 1317 1647 fratrem

190 1704 228 1765 ut
242 1696 429 1767 declamet
445 1697 511 1767 sibi
528 1696 646 1777 vitam,
671 1693 825 1764 humano
840 1694 984 1785 pectori,
1007 1694 1071 1763 nisi
1089 1692 1177 1775 Dec,
1201 1695 1318 1788 incog-

192 1812 300 1882 nitam.
359 1812 433 1896 Qui
461 1812 603 1882 tandem
635 1810 796 1903 precibus
824 1810 1012 1891 convictus,
1042 1816 1080 1879 et
1108 1817 1149 1877 ut
1178 1809 1317 1879 domino

192 1934 229 1997 et
263 1928 435 2021 magistro,
473 1927 662 1999 declaravit
695 1923 859 1996 solitam.¹
918 1924 1065 2007 “Nunc,
1082 1956 1085 1961 ·
1103 1933 1203 2017 pater
1238 1926 1318 1996 kar·

193 2038 351 2125 “imime³
379 2044 492 2115 refero
521 2043 587 2113 tibi
614 2042 895 2124 misericordiam,
925 2063 996 2111 non
1021 2064 1084 2133 per
1106 2043 1178 2112 mei
1202 2042 1318 2111 miseri

190 2160 388 2230 “tantillam
411 2160 616 2242 bonitatem,
646 2161 755 2229 immo
779 2180 842 2250 per
868 2152 938 2228 sui⁴
962 2158 1130 2250 pietatem
1155 2167 1192 2228 et
1217 2157 1318 2252 largi·

189 2277 354 2359 “tionem
376 2298 513 2369 semper
533 2272 658 2346 michi⁵
680 2274 828 2367 praebuit
850 2274 1014 2357 solamen,
1038 2276 1148 2344 sancti
1168 2277 1317 2367 spiritus,

189 2401 390 2463 “sumentes
418 2393 484 2463 sibi
515 2396 618 2486 (nutu
651 2389 734 2481 Dei)
764 2391 1027 2462 similitudinem
1056 2388 1210 2485 corpore⁶
1239 2393 1319 2463 sub-

188 2510 358 2591 “stantiae
383 2510 436 2579 ita
459 2509 641 2591 credendo,
665 2514 818 2578 testante
842 2508 1019 2600 scriptura,
1055 2505 1221 2603 ‘Spiritus
1245 2532 1318 2579 our-
1453 2555 1457 2567 ·

189 2632 285 2693 “nem
316 2632 349 2694 et
380 2645 455 2695 orso
485 2647 552 2695 ooo
583 2620 713 2707 tnta*
740 2624 876 2695 assidue
905 2624 962 2693 die
994 2646 1035 2692 ac
1068 2633 1172 2695 nocte
1200 2626 1318 2695 minis-

190 2747 307 2809 “trant
334 2739 453 2822 michi,
486 2747 528 2809 ut
556 2741 674 2834 egenti
706 2762 748 2808 nc
777 2738 893 2821 debili,
928 2762 969 2808 ac
998 2738 1107 2809 veluti
1140 2742 1253 2833 posito
1281 2744 1318 2811 in

189 2856 408 2951 “naufragim
434 2877 582 2948 quorum
605 2856 913 2938 administratione,
938 2853 1058 2926 nichil³
1082 2856 1188 2928 michi
1213 2879 1318 2930 nosco

189 2971 330 3043 “deesse
352 2974 589 3065 prosperitatis
614 2980 650 3043 et
669 2971 796 3066 gaudii,
823 2971 931 3041 nichil
956 2972 1062 3042 michi
1082 2973 1201 3045 adesse
1221 2998 1318 3070 eges-

191 3089 295 3158 “tatis
319 3096 358 3158 et
386 3089 556 3180 penuriae3
590 3110 726 3181 semper
753 3087 861 3157 michi
886 3111 968 3158 vera
991 3090 1156 3172 referunt,
1182 3113 1319 3186 semper

190 3202 317 3273 “michi
333 3204 433 3295 justa
450 3206 679 3297 promittimt3
703 3204 893 3274 referentes
912 3203 1019 3275 michi
1042 3215 1247 3298 praesentem
1267 3210 1318 3279 vi-

190 3325 285 3388 “tam
303 3326 346 3388 ut
365 3318 430 3390 iios
446 3320 539 3402 foeni,
565 3319 718 3390 futuram
738 3328 780 3388 ut
797 3321 883 3390 odor
898 3319 1057 3404 balsami;
1084 3323 1317 3396 confortantes

192 3443 258 3504 “ne
282 3435 441 3505 deficiam
465 3437 503 3504 in
526 3433 593 3518 via,
620 3444 822 3527 recepturus
847 3436 985 3507 devicto
1009 3437 1118 3520 hoste,
1144 3461 1315 3522 coronam,

194 3557 251 3618 “et
268 3551 419 3642 praemia
471 3549 632 3644 Seposita
647 3575 669 3622 a
683 3575 743 3622 me
759 3574 879 3621 eorum
897 3553 1157 3636 coadunatione,
1175 3578 1318 3649 cognos-

195 3673 312 3737 “oente
334 3666 414 3736 illos
435 3689 505 3758 prae
527 3675 626 3738 tanta
647 3667 936 3760 frequentatione,
963 3667 1169 3740 Dubricium
1191 3669 1317 3740 Archi-

195 3782 395 3872 “prresulem
428 3783 593 3854 dextralis
630 3782 829 3867 Britannia,
870 3783 1055 3856 Danielem
1088 3783 1318 3879 Bangorensis

193 3897 366 3968 “ecelesiae
392 3896 613 3991 Episcopum,
644 3907 871 3992 sanctumque
897 3899 1097 3982 Paternum,
1127 3907 1164 3970 et
1190 3901 1318 3972 multos

192 4012 306 4096 “alios
320 4036 469 4105 quorum
481 4038 624 4108 corpora
638 4015 705 4086 huc
720 4013 835 4085 insulai
850 4015 987 4107 sepulta
1002 4023 1102 4098 srmt;
1128 4015 1214 4085 dicit
1229 4040 1318 4090 unus

191 4128 350 4199 “illorum
367 4129 535 4202 alterutri
549 4132 635 4214 viee,
654 4130 771 4202 ‘Vade
787 4132 825 4200 in
841 4131 990 4202 crastino
1006 4131 1051 4200 ad
1067 4131 1203 4203 foveam
1216 4131 1318 4205 Greit

191 4245 424 4329 “confessoris
448 4248 548 4318 nobis
563 4249 760 4341 cognitum
787 4255 824 4318 et
840 4247 889 4317 ibi
906 4247 1070 4340 fatigatus
1086 4248 1220 4334 itinere,
1243 4274 1318 4322 ora-

223 4512 273 4568 ¹Id
283 4519 323 4570 est
333 4517 499 4572 mmor.
511 4515 546 4570 Β.
581 4516 655 4584 ¹Sic,
666 4515 861 4571 subintelleotis
871 4518 920 4570 sibi
928 4519 1009 4570 υὶεαιιι
1019 4517 1164 4574 vocabulis.
1176 4517 1210 4573 B.
1244 4520 1319 4576 ⁸Pro

190 4599 337 4656 dmm.
355 4601 390 4656 Ε.
424 4602 501 4656 ⁴Pro
517 4619 603 4658 mm.
621 4602 656 4656 E.
690 4601 808 4657 lInhoc
820 4601 994 4657 etaliislocis
1005 4603 1110 4672 codicis,
1127 4621 1177 4675 pro
1193 4607 1265 4660 miti.
1284 4607 1318 4663 Ε.

190 4682 260 4739 'Pro
276 4704 405 4754 corporum
424 4687 458 4743 Β.
492 4687 593 4742 ⁷Luooe
611 4687 781 4762 evangelium
795 4689 874 4745 xxiv.
886 4692 930 4744 39.
948 4689 982 4746 B.
1018 4690 1073 4745 lIu
1085 4689 1136 4746 hoc
1147 4696 1175 4745 et
1186 4691 1245 4746 aliis
1255 4691 1320 4748 locis

193 4769 290 4839 todkis
305 4790 354 4843 pro
366 4775 441 4828 nihil.
459 4773 493 4830 Ε.
