3450 5800
433 806 480 879 46
807 820 917 872 mana
942 819 1202 872 usnnnvnnsrs.

434 992 537 1087 Tyui3
555 998 592 1061 et
608 1013 646 1061 se
659 990 784 1062 vidisse
801 982 1063 1083 Hergualdnm¹
1081 985 1305 1078 Episcopum,
1321 994 1576 1057 antecessorem

435 1105 496 1181 U?
512 1131 575 1201 per
591 1126 651 1178 xn.
669 1129 778 1178 annos
794 1105 935 1177 easdem
950 1102 1072 1198 plebes
1088 1100 1217 1195 quiete,
1234 1112 1272 1174 et
1289 1104 1420 1196 absque
1435 1102 1510 1173 ulls
1524 1104 1577 1172 in-

435 1224 651 1317 tenuptione
673 1224 840 1295 canonica
862 1221 1026 1292 tenuisse.
1077 1218 1233 1312 Ideoque
1250 1244 1297 1290 ex
1312 1220 1480 1290 canonica
1496 1241 1577 1289 cen-

436 1364 524 1425 sura,
552 1362 615 1410 nos
636 1340 670 1410 ei
693 1346 730 1411 et
752 1336 1101 1409 successoribus·suis
1122 1344 1351 1428 praenotatam
1375 1334 1576 1427 parochiam

434 1464 604 1553 perpetuo
615 1456 813 1527 habendam
828 1450 1125 1546 adjudicavimus.8
1166 1452 1272 1523 Unde
1284 1451 1577 1523 fraternitatituae

435 1574 589 1668 rogando
605 1571 819 1655 mandamus,
838 1578 1009 1664 quatenus
1026 1568 1120 1662 quod
1132 1569 1332 1661 judicatum
1348 1576 1403 1638 est
1419 1591 1441 1638 a
1455 1575 1577 1638 sancta

436 1690 597 1760 Romana
612 1688 759 1759 ecclesia
779 1687 886 1758 facias
902 1687 1085 1768 observari,
1107 1694 1145 1755 et
1165 1686 1210 1755 de
1231 1685 1403 1777 praedictis
1423 1684 1576 1776 quinque

434 1803 594 1899 plebibus
611 1803 745 1875 nullam
761 1805 795 1875 ei
810 1804 953 1896 patiaris
969 1802 1131 1897 injuriam
1147 1803 1299 1897 irrogari.
1351 1800 1434 1872 Dat.
1452 1800 1575 1872 Later·

434 1922 502 2005 ani,
520 1940 558 1991 11.
575 1944 655 1992 non.
674 1918 832 2013 Aprilis.⁴

485 2152 682 2226 Houonrus
700 2152 902 2247 Episcopus,
920 2176 1038 2225 servus
1054 2176 1232 2224 servorum
1249 2151 1328 2236 Dei,
1342 2151 1478 2223 dilectis
1496 2151 1574 2221 filiis

436 2269 539 2342 Claro
561 2266 615 2341 etl
636 2267 773 2361 Populo
793 2292 856 2361 per
875 2270 1055 2363 parochias
1079 2269 1202 2353 Guhir,
1230 2268 1402 2363 Cetgueli
1428 2267 1574 2338 Cantre-

434 2386 571 2469 bichan,
590 2385 768 2469 Ystrateu,
793 2383 955 2481 Ergycg,⁶
971 2387 1172 2469 constituto,
1199 2386 1357 2467 salutem,
1383 2392 1421 2454 et
1434 2392 1573 2486 aposto-

434 2500 539 2571 licam
551 2501 841 2573 benedictionem.
880 2501 968 2585 Nos,
983 2526 1028 2572 ex
1041 2504 1207 2573 canonica
1218 2524 1371 2584 censura,
1385 2500 1573 2572 venerabili

436 2616 535 2689 fratri
552 2627 671 2690 nostro
684 2618 829 2690 Urbano
843 2618 1062 2690 landavensi
1075 2618 1258 2712 Episcopo,
1272 2627 1308 2688 et
1324 2619 1576 2690 successoribus

434 2737 518 2828 ejus
544 2736 725 2829 praedictas
751 2736 904 2828 quinque
926 2733 1056 2827 plebes,
1083 2735 1268 2826 dequibus
1293 2736 1384 2805 inter
1405 2736 1521 2827 ipsum
1537 2744 1573 2805 et

433 2850 653 2924 Bemardum
670 2852 792 2924 Sancti
809 2849 913 2936 Daui,
927 2859 965 2922 et
978 2850 1167 2922 Ricardum
1180 2849 1457 2935 Herfortensem,
1472 2850 1572 2945 Epis-

432 2991 538 3061 copos
564 2970 743 3040 contentio
767 2964 897 3038 firerat⁷
925 2976 1095 3060 perpetuo
1123 2967 1299 3040 habendas
1324 2968 1569 3060 adjudicamus.

432 3081 588 3177 Ideoque
598 3085 815 3154 universitati
826 3091 948 3154 vestras
957 3084 1154 3154 mandando
1163 3085 1390 3176 praecipimus,
1402 3093 1571 3178 quatenus

434 3199 478 3281 ei,
488 3206 656 3291 tanquam
669 3200 806 3292 proprio
816 3201 956 3292 pastori,
968 3208 1005 3269 et
1017 3201 1211 3270 animarum
1221 3209 1413 3271 vestrarum
1426 3202 1571 3284 custodi,

431 3314 667 3386 obedientiam
684 3323 721 3386 ct
737 3316 968 3387 reverentiam
983 3315 1164 3389 humiliter
1177 3317 1348 3388 deferatis
1392 3315 1476 3388 Dat.
1491 3316 1568 3388 Lat.

431 3451 470 3502 11.
488 3453 568 3502 non.
586 3429 743 3525 Aprilis.8
805 3434 809 3444 '

430 3693 675 3768 Exsonrnmo
686 3695 710 3766 J
712 3679 874 3769 orsurus
884 3697 1126 3770 Passerinum
1137 3698 1361 3769 Osanrumrs
1371 3719 1417 3768 nr
1427 3698 1568 3771 Lucam

478 3812 651 3884 Rouana
668 3813 866 3898 Eccnnsnn,
884 3835 995 3919 smus
1016 3835 1062 3885 nr
1079 3814 1316 3886 Pnanonnmo
1339 3836 1388 3886 sa
1408 3836 1455 3886 no
1471 3837 1568 3887 narn

477 3947 641 4001 ornamus
658 3928 982 4002 Auxmnromsus
1000 3930 1280 4002 Lsnnavsusnu
1297 3929 1517 4002 Eocnssmn.

476 4141 626 4216 FRATER
647 4145 672 4216 J
673 4166 845 4218 emanans
862 4147 1001 4219 Sancta
1017 4147 1185 4218 Romana
1202 4145 1356 4218 ecclesia
1373 4146 1567 4242 Presbyter

426 4259 629 4345 Cerdinalis,
653 4270 690 4333 et
713 4263 878 4358 laegatus,
900 4263 1063 4336 fidelibus
1083 4263 1244 4335 omnibus
1265 4287 1329 4358 per
1344 4260 1514 4360 Angliam
1530 4273 1568 4336 et

460 4577 682 4637 Hammo.
716 4581 801 4653 ¹123.
818 4585 976 4640 Urbanili.
1011 4584 1280 4654 usfudaameb.
1313 4583 1564 4655 *dllprilmlm

424 4667 502 4720 1129.
536 4668 687 4723 ⁵lltdccst.
699 4669 780 4724 MSS.
816 4671 976 4742 Supplctur.
994 4671 1029 4726 B.
1063 4673 1427 4740 amalasuentam,
1438 4673 1562 4739 imolen,

422 4753 525 4819 limis.
544 4753 577 4808 0.
612 4755 676 4809 lSic
689 4754 722 4810 B.
732 4755 819 4823 ficret.
838 4757 919 4813 MSS.
953 4758 1116 4830 “Aprilis
1134 4757 1210 4814 A.D.
1224 4761 1301 4812 1129.
