3450 5800
421 747 492 819 164
790 759 898 810 maan
923 757 1184 811 nnunsvsusrs.

417 931 543 1004 tatiuni
560 929 629 998 huc
646 925 859 998 diraballenn
879 925 1181 1020 hcnntreignonui,
1207 925 1333 995 deinde
1358 926 1403 996 ad
1426 926 1561 996 rubum

418 1048 462 1118 de
480 1046 640 1118 salicibus
656 1044 834 1115 descendit
854 1043 891 1110 in
912 1043 1059 1134 primam
1080 1042 1216 1125 fossam,
1238 1043 1300 1112 ubi
1319 1043 1480 1135 inceptus
1501 1051 1564 1113 est

418 1164 505 1233 finis.
557 1161 764 1252 Quicunque
787 1158 999 1241 custodierit,
1023 1159 1262 1242 benedicetur3
1289 1160 1349 1250 qui
1369 1167 1489 1229 autem
1511 1159 1563 1230 ab

419 1279 565 1349 ecclesia
586 1276 772 1346 Laudaviae
794 1276 1014 1366 separaverit,
1038 1272 1383 1345 excommunicetur.¹
1433 1275 1564 1345 Eccle-

420 1391 486 1464 sia²
511 1393 667 1485 Tipaliai,
698 1400 735 1462 et
764 1387 927 1462 ecclesia²
956 1388 1089 1473 Diuuil,
1120 1399 1226 1484 atque
1251 1389 1407 1475 Mafirrn,
1438 1399 1475 1460 et
1499 1415 1562 1461 ec-

421 1506 540 1580 clesia²
557 1507 680 1579 Mable
696 1508 827 1578 habens
844 1529 907 1576 sex
923 1506 1057 1577 modios
1070 1529 1152 1577 cum
1163 1503 1251 1576 silvia
1263 1515 1300 1577 et
1312 1530 1448 1599 campo.
1498 1505 1561 1576 Fi-

420 1627 473 1696 nis
495 1625 587 1695 illius
611 1631 674 1708 est,
700 1621 752 1694 Or
772 1622 957 1717 glasguern
981 1623 1035 1694 dir
1057 1623 1239 1694 dubnnant
1262 1623 1319 1706 du,
1345 1623 1472 1694 dehinc
1494 1645 1561 1715 per

421 1751 652 1814 transversum
668 1742 760 1811 inter
776 1740 908 1810 flumen
925 1737 1047 1822 Jacob,
1065 1747 1102 1810 et
1121 1737 1248 1810 Brinn³
1268 1763 1407 1823 cernon,
1429 1741 1560 1810 iterum

420 1882 482 1950 per
504 1858 635 1940 silvam,
653 1857 777 1928 dehinc
795 1856 976 1926 descendit
996 1857 1033 1924 in
1055 1855 1212 1926 Manach
1228 1856 1350 1939 rivulo,
1372 1855 1469 1927 recte
1490 1856 1559 1926 dir-

420 1974 624 2058 halannauc,
637 1973 732 2045 recte
748 1997 810 2066 per
830 1973 953 2044 silvam
970 1973 1120 2042 dironcir
1140 1972 1202 2043 bet
1220 1974 1258 2042 in
1276 1973 1421 2043 finnaun
1436 1971 1558 2053 eithaf,

420 2088 557 2162 fraxinis
573 2091 799 2172 custodiente,
816 2089 932 2159 tendit
953 2086 1047 2159 recte
1063 2091 1156 2159 inter
1173 2090 1242 2160 due
1259 2089 1403 2160 castella
1417 2089 1463 2160 ad
1484 2089 1560 2159 lon-

421 2229 502 2300 gam
519 2205 668 2276 insulam
686 2205 770 2276 istiz
787 2206 898 2276 donec
915 2206 1095 2276 descendit
1115 2205 1152 2275 in
1168 2205 1280 2278 rivulo
1296 2206 1412 2277 Trcdi.
1462 2204 1563 2276 Finis

422 2321 675 2414 Lanntypailai,
693 2322 776 2392 licat
793 2320 973 2416 arganhell
989 2345 1028 2392 ar
1043 2329 1139 2392 traus
1158 2322 1189 2392 ir
1205 2324 1285 2407 coit,
1303 2346 1342 2392 ar
1356 2322 1411 2392 hit
1427 2323 1441 2392 i
1457 2320 1562 2392 claud

422 2439 539 2509 diluch
556 2440 586 2508 ir
603 2439 686 2508 eilin
704 2436 776 2509 hit⁴
792 2440 823 2510 ir
838 2446 924 2531 pant
941 2438 1031 2508 nihit
1048 2439 1084 2508 di
1101 2438 1213 2508 cestill
1234 2439 1376 2522 meirch,
1399 2434 1562 2509 inniann⁶

423 2555 505 2624 dicil
517 2562 612 2625 traus
628 2555 728 2626 imais
750 2579 789 2626 ar
809 2555 866 2626 hit
886 2556 899 2624 i
920 2555 1022 2624 claud
1042 2555 1105 2625 bet
1126 2555 1229 2624 duuir
1248 2555 1286 2625 in
1307 2555 1390 2638 dair,
1412 2578 1451 2626 ar
1470 2555 1526 2624 hit
1547 2554 1562 2623 i

421 2679 508 2765 pant
519 2671 589 2742 trui
602 2671 614 2740 i
627 2671 698 2741 coit
710 2673 772 2742 bet
783 2671 867 2742 licat
880 2671 1055 2765 argannel,
1068 2672 1129 2742 ubi
1142 2673 1283 2763 incepit.
1335 2670 1432 2742 Finis
1445 2669 1564 2741 Lunn-

423 2785 565 2871 cinfall‚⁸
578 2783 678 2858 Cirn⁷
691 2787 808 2858 cinfall
826 2788 889 2858 ital
906 2790 937 2858 ir
949 2787 1018 2857 foss
1031 2811 1069 2857 ar
1084 2787 1139 2856 hit
1155 2787 1273 2870 irsess,
1288 2787 1408 2858 dilicat
1418 2787 1564 2858 finnaun

424 2905 525 2977 efrdil
541 2908 554 2977 i
571 2928 682 2999 guuer
697 2905 788 2976 nihit
804 2907 866 2976 bet
882 2906 1026 2998 mingui,
1049 2905 1184 2997 mingui
1204 2904 1295 2974 nihit
1315 2906 1377 2977 bet
1399 2904 1475 2997 pull
1496 2905 1564 2975 rud

424 3022 557 3092 diuinid
574 3022 635 3092 bet
651 3020 732 3090 talir
746 3022 849 3091 brinn
867 3022 1039 3115 diguairet
1056 3020 1172 3091 dilech
1189 3021 1287 3091 ferch
1303 3022 1423 3114 diaper
1442 3021 1563 3115 gefiat

423 3137 530 3231 gefiat
551 3138 642 3206 nihit
663 3137 748 3207 dital
771 3138 801 3206 ir
823 3137 986 3207 aithnaue
1009 3136 1053 3207 ad
1077 3136 1238 3208 dextram
1259 3136 1346 3220 irall‚
1371 3136 1524 3207 maliduc
1550 3139 1566 3207 i

425 3252 526 3321 claud
535 3252 596 3322 bet
607 3252 680 3321 cirn
690 3252 807 3322 ainfall
817 3252 879 3323 ubi
889 3254 1029 3345 incepit.
1048 3310 1051 3315 .
1081 3251 1177 3323 Finis
1188 3251 1407 3336 LanndinuiL
1419 3251 1567 3324 Mouric

426 3367 575 3460 digenou
590 3375 676 3461 pant
692 3367 767 3460 pull
790 3368 925 3461 penhic,
942 3394 1005 3462 per
1021 3370 1176 3440 medium
1192 3370 1345 3441 maiiduc
1361 3370 1392 3441 ir
1407 3377 1493 3461 pant
1511 3371 1567 3440 di-

425 3483 522 3553 uinid
537 3484 599 3554 bet
616 3485 629 3553 i
645 3483 721 3554 ford
737 3507 837 3555 maur
853 3485 889 3555 di
905 3485 981 3578 pull
997 3486 1100 3570 iceth,
1112 3487 1218 3577 juxta
1234 3487 1327 3557 viam
1342 3508 1509 3579 magnam
1527 3511 1566 3557 cr

425 3599 500 3691 pull
512 3600 700 3694 dirguairet
712 3601 863 3671 maliduc
875 3602 906 3671 ir
918 3611 1003 3695 pant
1015 3603 1166 3697 trefguid
1179 3604 1224 3673 ad
1237 3600 1415 3675 dextram⁸
1428 3602 1566 3675 dircarn

427 3716 565 3800 dirford,
582 3741 621 3787 ar
635 3715 706 3787 hit⁴
721 3719 752 3788 ir
768 3718 845 3789 iord
861 3719 1003 3790 eilliuen
1025 3719 1115 3789 nihit
1130 3721 1200 3789 trui
1217 3720 1297 3803 coit,
1319 3744 1358 3790 ar
1377 3720 1432 3790 hit
1452 3721 1466 3788 i
1487 3719 1565 3790 ferd

427 3833 488 3903 bct
505 3832 646 3905 Mouric
662 3834 699 3903 in
715 3834 826 3905 hisich
844 3835 918 3928 pull
936 3836 1089 3907 maliduc
1108 3837 1241 3908 mouric
1258 3836 1401 3920 diuinid,
1419 3858 1460 3907 ar
1480 3838 1495 3905 i
1510 3835 1566 3905 hit

427 3949 489 4019 bet
508 3974 622 4043 genou
647 3958 732 4043 pant
755 3951 830 4044 pull
854 3954 981 4045 pennic
1005 3953 1066 4023 ubi
1090 3952 1231 4046 incepit.
1283 3952 1380 4024 Finis
1405 3952 1564 4036 Maium,

429 4063 478 4134 Di
493 4066 646 4159 guarralt
662 4066 786 4139 rudlan
803 4068 913 4141 dour?

466 4524 834 4587 ¹Si00.acrcmmunicntur.
853 4532 891 4586 H.
927 4534 1184 4593 miserrumam.
1202 4537 1241 4593 H.
1275 4536 1395 4593 ⁸Briun.
1413 4536 1448 4595 Ο.
1483 4536 1569 4596 ⁴Hr‘r.

430 4612 477 4752 {JD
500 4615 691 4758 θῖἓιηααηδθ.
725 4618 976 4688 ⁶Lanacynscll.0.
1011 4624 1118 4679 wrm.
1137 4624 1171 4679 0.
1205 4624 1514 4682 vnarwtmmdeaunt
1532 4625 1569 4681 0.

478 4716 526 4753 cur
555 4708 618 4756 cest.
662 4742 669 4757 .
