3450 5800
444 751 516 824 278
912 765 1108 815 arcannm.

445 959 548 1028 quam
561 938 654 1007 fama
665 932 834 1028 largitatis
844 955 884 1002 cc
896 931 1078 1025 probitatis
1090 931 1182 1002 illius
1194 954 1256 1026 per
1265 943 1440 1005 extremos
1451 935 1573 1005 mundi

444 1053 599 1124 cardines
613 1050 789 1144 diurlgata
800 1057 901 1131 esset,
919 1071 959 1118 ac
975 1047 1041 1118 sibi
1058 1049 1207 1120 diversas
1223 1050 1383 1121 naciones
1400 1052 1482 1121 diris
1497 1074 1575 1144 pre·

445 1168 499 1238 liis
515 1176 552 1238 et
565 1166 826 1261 fatigacionibus
845 1163 1070 1258 subjugasset,
1087 1164 1367 1258 archiepiscopos,
1385 1167 1573 1259 episcopos,
1720 1199 1721 1222 1

444 1306 551 1377 reges,
562 1283 741 1375 principes,
755 1289 793 1351 et
805 1281 910 1350 duces
922 1280 988 1350 sibi
1001 1279 1365 1362 subditoaadUrbem
1378 1281 1574 1376 Legionum
1720 1329 1721 1340 a

443 1399 653 1469 unanimiter
665 1396 748 1468 fecit
760 1419 958 1479 convocare,
971 1404 1009 1467 et
1022 1397 1152 1466 ibidem
1167 1419 1330 1492 magnam
1347 1397 1573 1468 festivitatem

444 1514 668 1585 Pentecostes
676 1511 1109 1596 venerabilitercelebrare,
1118 1513 1242 1605 quibus
1250 1515 1426 1584 accercitis
1434 1522 1471 1584 et
1479 1536 1574 1583 com·

443 1629 556 1724 pletis,
580 1637 747 1700 vocantur
768 1629 886 1697 cuncti
909 1627 968 1719 qui
990 1628 1024 1697 ei
1047 1636 1189 1720 propter
1204 1628 1351 1700 honores
1368 1630 1573 1721 obsequium
1720 1703 1721 1712 χ

444 1748 652 1840 prestabant,
676 1743 828 1840 singulos
850 1743 993 1837 singulis
1015 1744 1284 1836 possessionibus
1305 1744 1493 1816 honorifice
1512 1745 1573 1814 do
1720 1805 1721 1846 ἒ

443 1863 541 1946 tavit,
565 1869 602 1932 et
620 1863 669 1932 sic
684 1861 828 1931 licencia
843 1860 955 1952 petita
971 1868 1009 1930 et
1025 1859 1178 1943 obtenta,
1196 1884 1316 1931 omnes
1332 1869 1369 1932 et
1385 1859 1512 1954 singuli
1529 1860 1573 1930 ad
1720 1885 1721 1968 p

443 1979 580 2072 propria
596 1999 676 2046 cum
692 1975 817 2070 gaudio
834 1983 1041 2045 remearunt.
1720 2031 1721 2088 3

492 2088 734 2184 fflDubricius
751 2113 831 2161 vero
854 2092 1011 2162 senciens
1032 2114 1069 2162 se
1093 2093 1188 2163 senio
1207 2101 1398 2192 gravatum,
1416 2093 1574 2163 salutatis

443 2209 614 2290 fratribus,
628 2230 702 2278 sese
714 2207 759 2278 ab
771 2206 1052 2301 archiepiscopali
1066 2207 1233 2300 deposuit.
1284 2208 1469 2293 Quendam
1481 2210 1575 2280 insu·
1720 2221 1721 2226 ’

443 2326 513 2396 lam
530 2320 635 2394 infral
655 2346 750 2393 mare
770 2320 1001 2393 Hibernicum
1020 2324 1132 2406 sitam,
1153 2347 1221 2417 que
1237 2326 1343 2395 distat
1365 2332 1495 2396 eterra
1513 2349 1574 2418 per

443 2441 595 2533 quinque
607 2437 762 2522 miharia,
773 2437 955 2510 Cambrice
967 2447 1090 2510 vocata
1103 2439 1197 2533 Enys
1209 2439 1314 2524 Enlli,
1328 2440 1480 2535 Anghce
1492 2465 1575 2512 vero

442 2554 616 2639 Bardesei,
630 2551 735 2624 infia²
751 2578 855 2647 quam
868 2555 992 2649 viginti
1009 2556 1107 2627 mida
1122 2578 1264 2650 corpora
1280 2565 1478 2628 sanctorum
1491 2564 1573 2628 sunt

441 2672 594 2743 humata
645 2669 770 2764 Ibique
790 2672 826 2740 in
844 2670 978 2764 vigiliis,
995 2671 1146 2763 jejuniis,
1168 2681 1205 2743 et
1227 2673 1442 2745 oracionibus
1464 2697 1574 2766 usque

443 2790 487 2862 ad
510 2797 706 2860 extremum
724 2789 816 2857 diem
833 2787 905 2857 vite
928 2810 989 2858 sue
1010 2787 1249 2859 heremiticam
1271 2790 1380 2859 vitam
1402 2789 1515 2872 duxit,
1538 2798 1576 2860 et

442 2914 522 3000 post
538 2904 618 2975 vitae
634 2903 735 2995 hujus
752 2926 900 2987 cursum,
923 2904 1054 2975 ibidem
1076 2904 1264 2976 honorifice
1286 2905 1440 2999 sepultus
1463 2905 1576 3000 etjin-

443 3030 498 3093 ter
514 3028 649 3092 sanctos
671 3020 783 3113 primo
800 3029 1089 3093 communeratus.
1139 3021 1288 3093 D.c.x11.
1309 3046 1399 3093 anno
1418 3024 1576 3093 incarna-

444 3138 551 3207 cionis
568 3134 711 3206 Domini
727 3136 889 3229 migravit
905 3136 950 3207 ad
967 3135 1169 3207 Dominum.

491 3248 525 3341 ΊΙ
543 3249 592 3320 Et
612 3259 780 3322 u⁰.c.xx⁰.
805 3275 896 3323 anno
916 3253 1102 3325 translatus
1124 3262 1178 3324 est
1200 3256 1244 3325 ab
1264 3255 1376 3326 insula
1396 3255 1493 3327 Enlli
1513 3280 1577 3349 per

444 3366 627 3439 Urbanum
657 3365 920 3439 Laudavensem
949 3368 1160 3463 Episcopum
1184 3372 1229 3441 ad
1258 3371 1450 3443 Ecclesiam
1475 3394 1577 3442 suam

443 3481 705 3554 landavensem
728 3505 765 3554 x.
788 3484 1015 3556 kalendarum
1035 3487 1163 3557 mensis
1178 3486 1286 3558 Junii.

493 3595 527 3690 Ἢ
544 3598 630 3669 Post
646 3623 727 3671 vero
745 3600 877 3671 dictum
891 3598 1107 3685 Dubricium‚
1125 3602 1268 3675 illustris
1280 3606 1436 3675 sacerdos
1448 3604 1578 3699 Thely·

444 3739 505 3787 aus
527 3717 564 3785 in
588 3723 771 3808 pastorem,
795 3725 832 3787 et
856 3716 1066 3811 Episcopum
1087 3713 1247 3791 Ecclesia
1268 3720 1502 3792 Landaveusis
1524 3730 1580 3791 est

442 3832 656 4001 publimatus,
687 3833 783 3924 eujus
810 3856 923 3904 mores
942 3843 979 3904 et
1004 3842 1102 3905 actus
1125 3834 1314 3909 laudabiles
1335 3838 1485 3909 reddunt
1507 3836 1579 3908 his-

460 3954 531 4003 one
533 3985 782 4005 .....

921 4187 991 4243 ¹Sic.
1026 4189 1097 4245 ²Sie.
