3450 5800
551 799 660 853 amna
683 800 942 852 uiuosvsusu.
1241 785 1313 861 257

176 997 245 1067 pus,
264 969 462 1044 Mornarch
480 976 516 1039 et
533 968 721 1039 Merchuui
738 970 904 1052 canonici,
919 968 1068 1054 Gulbrit,
1083 979 1119 1042 et
1131 971 1314 1059 Tutnerth,

176 1099 211 1160 et
234 1089 336 1171 Selif,
367 1085 502 1179 Joseph
532 1086 642 1156 lector
666 1085 798 1167 Catoni,
823 1084 942 1156 Aidun
971 1088 1158 1181 praesbyter
1182 1086 1314 1175 Catoci,

176 1207 368 1300 Catguaret
384 1202 574 1297 praesbyter
590 1200 712 1271 Sancti
729 1199 906 1285 Docunni;
933 1203 976 1273 de
992 1203 1098 1285 laicis,
1112 1203 1316 1298 Gatgucaun

177 1322 264 1405 Rex,
284 1330 323 1391 et
339 1322 448 1391 frater
463 1318 538 1410 ejus
555 1317 627 1400 Ris,
644 1316 736 1387 iilius
752 1315 850 1399 Jaco,
869 1316 1039 1389 Caratauc
1054 1319 1146 1390 iilius
1163 1320 1314 1406 Gulbrit,

176 1438 334 1509 Cinnhor
354 1435 448 1506 filius
471 1434 617 1516 Richrit,
641 1433 763 1503 Eithin
784 1432 878 1504 filius
901 1435 1004 1519 Elim,
1026 1435 1203 1508 Guabeith
1223 1437 1315 1510 filius

177 1554 276 1638 Eleu,
293 1550 453 1625 Teudur¹
468 1551 562 1621 filius
579 1549 682 1621 Laur.
733 1547 843 1619 Facto
867 1551 1088 1622 anathemate
1110 1557 1316 1644 separaturis

178 1670 268 1740 hauc
292 1668 537 1741 eleemosinam
561 1665 606 1737 ab
630 1663 778 1736 ecclesii
794 1663 989 1749 Laudaviae,
1016 1674 1052 1737 et
1077 1666 1099 1737 i
1122 1670 1316 1760 pastoribus

183 1786 272 1877 ejus3
289 1787 368 1855 data
377 1792 497 1855 autem
509 1782 751 1853 benedictione
762 1784 955 1865 serraturis,
970 1790 1007 1853 ct
1019 1782 1270 1856 confirmaturis
1279 1787 1317 1857 in

183 1902 302 1993 quieta
310 1924 399 1994 pace.
443 1898 572 1970 Amen.
623 1897 720 1968 Finis
732 1895 826 1967 illius
838 1906 901 1981 est,
914 1895 1159 1993 Penniguoun²
1171 1901 1184 1969 i
1191 1900 1314 1993 penni³

181 2017 252 2087 foss
260 2018 360 2087 inihit
380 2018 442 2087 bet
465 2016 478 2083 i
494 2015 572 2085 ford
585 2014 725 2083 dicribir
746 2012 810 2083 allt
832 2014 951 2095 icelii,
969 2015 1066 2085 cecin
1082 2015 1095 2084 i
1112 2015 1191 2086 colli
1210 2018 1314 2089 inihit

181 2136 315 2227 betpan
328 2130 643 2224 discinndiguairet
655 2129 791 2223 dirpull
804 2130 815 2198 i
826 2130 914 2200 bron
930 2153 951 2202 e
967 2130 1029 2200 mil
1048 2132 1062 2199 i
1078 2130 1193 2225 gueir⁴
1209 2134 1313 2205 claud

179 2274 293 2321 sersus
304 2251 486 2330 orientem,
500 2270 538 2318 ar
549 2247 602 2316 hit
616 2248 628 2315 i
641 2246 743 2316 claud
758 2246 795 2315 in
807 2254 894 2339 pant
910 2254 983 2317 trus
995 2247 1008 2315 i
1020 2246 1106 2331 ford,
1117 2249 1227 2319 iuinid
1244 2251 1313 2321 trui

177 2367 188 2434 i
203 2374 287 2459 pant
305 2367 341 2435 di
357 2388 474 2459 genou
489 2365 556 2433 iriu
572 2388 611 2436 ar
626 2363 699 2432 crib
716 2362 746 2432 ir
761 2361 825 2433 allt
841 2364 878 2432 in
898 2363 992 2434 henn
1008 2363 1082 2434 trel
1093 2388 1239 2458 gucauu,
1260 2367 1312 2436 ‹li-

176 2484 309 2577 guairet
326 2483 398 2551 trui
415 2481 512 2551 icoit
527 2482 589 2551 bet
605 2480 713 2562 inant,
730 2480 829 2550 inant
845 2503 884 2550 ar
899 2480 912 2550 i
928 2480 982 2550 hit
993 2480 1055 2550 bct
1071 2479 1204 2550 irhclic
1216 2480 1313 2565 luin‚⁵

177 2598 299 2668 deinde
323 2599 335 2665 i
358 2597 462 2690 parth
484 2596 562 2667 cled
584 2596 638 2665 dir
660 2619 751 2678 cruc,
769 2597 823 2665 dir
842 2592 941 2666 cruc⁰
957 2594 1041 2666 aral]
1063 2596 1183 2667 iniauu
1203 2605 1278 2668 trus
1299 2600 1312 2669 i

175 2714 249 2784 ford
270 2714 307 2785 di
329 2736 427 2806 penu
449 2712 528 2783 celli
550 2712 681 2807 gulible
704 2711 926 2806 dignorlurch
942 2708 1106 2805 Judgmnl
1127 2712 1313 2804 gnorlurch

175 2830 262 2901 uihit
278 2830 334 2899 dir
351 2851 435 2898 carn
451 2829 505 2898 dir
521 2851 601 2901 cruc
619 2830 672 2899 dir
687 2851 769 2898 cern
789 2851 828 2898 ar
842 2827 897 2897 hit
919 2828 931 2896 i
954 2827 1031 2897 ford
1052 2848 1161 2911 maur,
1182 2851 1203 2897 o
1225 2828 1312 2899 mais

175 2947 189 3014 i
202 2949 300 3041 gueir
316 2945 423 3018 claud
438 2947 477 3016 in
491 2945 546 3016 hit
562 2969 655 3040 penu
670 2947 683 3015 i
699 2946 798 3040 gueir
815 2944 926 3029 claud,
944 2944 1005 3017 ubi
1021 2944 1161 3036 incepit.

609 3211 885 3285 Pruvuscruru.7

227 3411 339 3496 Pater,
352 3413 408 3484 et⁸
425 3413 543 3498 Filius,
557 3421 595 3484 et
608 3413 758 3507 Spiritus
775 3413 934 3498 Sanctus,
952 3415 988 3484 in
1005 3417 1159 3508 personis
1175 3423 1256 3498 tres,
1274 3419 1310 3488 in

179 3529 308 3600 deitate
323 3538 360 3600 et
376 3531 527 3601 essentia
537 3553 636 3613 unus,
651 3529 796 3602 Creator
812 3539 849 3602 et
861 3530 1083 3602 Gubernator
1098 3533 1207 3602 totius
1219 3557 1313 3603 crea

177 3653 265 3714 turae
283 3646 423 3716 risibilis
439 3655 477 3717 et
493 3647 681 3730 invisibilis,
700 3655 737 3718 et
759 3649 994 3740 superomnia
1016 3648 1178 3718 formavit
1200 3648 1311 3718 homi-

174 3783 256 3832 nem
272 3764 317 3832 ad
338 3764 527 3856 imaginem
544 3772 581 3834 et
597 3765 642 3834 ad
662 3763 926 3835 similitudinem
943 3787 1051 3846 suam,
1070 3765 1225 3835 dividens
1242 3766 1312 3835 sin-

171 3879 255 3971 gula
269 3888 377 3972 prout
388 3880 474 3962 vult,
488 3888 525 3950 et
542 3881 598 3950 cui
615 3881 732 3951 omnia
748 3882 902 3951 serviunt
918 3881 1223 3973 inpraesentiarum
1238 3882 1313 3975 qui-

171 3994 322 4066 busdam
345 3996 500 4067 tribuens
519 4020 634 4091 regua,
653 4005 690 4067 et
712 4005 912 4090 potestates,
930 3997 1137 4088 quibusdam
1158 3998 1312 4069 modicas
1358 4059 1360 4070 .

169 4119 396 4206 paupertates
417 4135 498 4182 cum
515 4113 706 4207 septiformi
730 4114 821 4184 dono
844 4113 1020 4206 sapientioe
1043 4121 1080 4183 et
1101 4113 1310 4197 intellectio,

168 4227 308 4299 consilii
331 4237 369 4298 et
390 4230 612 4312 fortitudinis,
636 4230 788 4300 scientiae
810 4239 848 4300 et
870 4231 1010 4324 pietatis
1033 4238 1070 4300 et
1092 4231 1234 4314 timoris,
1260 4231 1312 4300 in-

204 4497 319 4554 ¹si00.
338 4500 450 4566 Tenios.
469 4498 506 4553 H.
543 4499 729 4572 ²Permipoun.
747 4499 781 4556 0.
816 4501 903 4556 ⁸Pen.
922 4499 955 4556 Ο.
990 4501 1127 4557 *Gunela
1146 4501 1180 4557 0.
1214 4502 1311 4558 uum.

167 4583 206 4638 0.
241 4585 331 4639 ‘sua
349 4585 383 4640 Ο.
418 4585 531 4640 ⁷Edidit
548 4585 718 4643 Whartonus
734 4587 763 4641 in
781 4587 881 4659 Anglia
899 4587 979 4642 Sacra
995 4607 1053 4657 sua,
1072 4587 1113 4642 ΙΙ.
1130 4587 1243 4647 oto-1.
1261 4589 1311 4642 sub

168 4671 253 4726 titulo
262 4671 467 4742 “Pririlegium
475 4690 630 4728 conoeoeum
640 4673 785 4730 Herwaldo
795 4674 928 4747 Episcopo
938 4675 1104 4731 Laudavensi
1114 4693 1163 4747 per
1171 4675 1311 4730 Griffidem

170 4756 333 4830 principem.
367 4759 518 4815 ⁸Etdeaat.
537 4759 570 4816 0.
