3450 5800
412 802 487 877 240
788 824 898 875 urana
921 821 1181 873 mansurusve.

413 996 474 1066 dea
484 992 659 1087 Episcopi,
672 1000 709 1063 et
721 988 787 1062 sibi
798 985 970 1061 liberatis¹
983 989 1029 1060 ad
1040 989 1281 1060 sustinendum
1288 991 1464 1082 judicium
1476 1016 1559 1063 cum

411 1106 523 1183 veniri.
574 1109 624 1181 Et
642 1110 768 1202 juncta
789 1108 839 1177 eis
858 1107 1074 1200 poenitentia,
1092 1114 1130 1176 et
1146 1106 1240 1179 facta
1255 1108 1458 1179 remissione
1474 1132 1557 1181 oum

413 1229 497 1299 data
512 1226 627 1310 veuia3
653 1224 787 1320 Etguin
809 1223 891 1294 Rex
912 1246 983 1293 non
999 1223 1102 1294 aliter
1118 1223 1261 1293 credens
1277 1246 1315 1295 se
1330 1234 1518 1319 purgatum
1535 1250 1558 1298 a

412 1344 558 1416 crimine
574 1343 640 1413 nisi
651 1342 796 1435 jejunio,
813 1348 851 1410 et
868 1339 1032 1421 oratione,
1050 1346 1087 1409 ot
1104 1338 1321 1423 eleemosina,
1339 1341 1484 1435 largitus
1500 1350 1557 1415 est

415 1460 505 1543 Deo,
528 1467 567 1531 et
584 1457 723 1530 Sanctis
740 1456 920 1539 Dubricio,
937 1455 1091 1541 Telieuo,
1114 1463 1152 1527 et
1174 1455 1351 1539 Oudoceo,
1374 1465 1412 1527 et
1433 1456 1555 1529 Bledri

413 1577 598 1670 Episcopo,
623 1582 661 1646 et
684 1596 747 1667 pro
772 1571 941 1643 effusione
965 1573 1141 1666 sanguinis
1165 1574 1229 1655 sui,
1246 1572 1366 1645 villam
1382 1570 1555 1644 Junuhic²

412 1717 496 1765 cum
518 1692 629 1763 tribus
650 1691 777 1761 modiis
799 1697 909 1773 terrae,
933 1696 971 1760 et
992 1711 1074 1759 cum
1095 1696 1173 1759 tota
1191 1688 1363 1773 libertate,
1386 1689 1461 1762 sine
1481 1690 1554 1761 ullo

412 1833 521 1881 censu
542 1808 607 1879 ulli
628 1808 762 1878 homini
782 1803 937 1877 terreno³
953 1805 1019 1875 nisi
1035 1805 1190 1876 ecclesiae
1207 1804 1402 1890 Laudaviae,
1421 1815 1459 1877 et
1478 1829 1556 1900 pas·

412 1927 548 1997 toribus
570 1925 645 2018 ejus
665 1926 702 1994 in
722 1931 904 2017 perpetuo,
927 1928 965 1993 et
987 1944 1068 1991 cum
1091 1922 1186 1991 omni
1207 1923 1452 1993 communione
1473 1924 1557 1993 data

414 2042 547 2125 incolis,
564 2042 603 2111 in
619 2062 742 2133 campo
759 2039 850 2109 etin
870 2037 974 2121 silvis,
999 2038 1037 2108 in
1060 2061 1151 2131 aqua
1175 2046 1212 2109 et
1236 2037 1274 2108 in
1297 2040 1444 2131 pascuis
1496 2038 1557 2109 Fi-

413 2160 468 2230 nis
480 2158 573 2228 illius
586 2165 649 2240 est,
663 2155 696 2228 Ο
709 2155 773 2250 pill
785 2155 927 2250 cingrud
943 2155 1005 2226 bet
1017 2162 1103 2226 nant
1115 2153 1266 2224 louhelic
1278 2154 1316 2224 in
1331 2154 1385 2225 hit
1400 2156 1462 2226 bet
1477 2156 1554 2249 pill.

413 2274 472 2345 De
484 2274 638 2357 clericis,
654 2281 764 2343 testes
780 2278 862 2342 sunt
878 2270 999 2341 Bledri
1012 2270 1214 2363 Episcopus,
1228 2269 1396 2355 Gurcant,
1409 2272 1555 2343 Cimell-

411 2389 674 2474 iauc,⁴Jouann;
691 2389 735 2459 de
745 2387 850 2471 laicis,
857 2386 991 2483 Etguin
1001 2386 1091 2469 Rex,
1102 2383 1408 2480 Ellgualt⁵Gurhi
1416 2386 1554 2458 Etern.⁸

414 2507 624 2599 Quicunque
637 2506 850 2587 custodierit,
864 2503 1038 2575 custodiat
1049 2502 1152 2573 iilum
1165 2500 1277 2587 Deus;
1303 2504 1363 2596 qui
1377 2512 1495 2575 autem
1507 2506 1556 2577 ab

414 2624 561 2695 ecclesia
579 2622 764 2693 Landaviae
780 2621 1002 2714 separaverit,
1019 2619 1205 2690 anathema
1220 2620 1276 2691 sit
1327 2617 1434 2703 Finis,
1452 2618 1558 2691 Nant

412 2742 426 2810 i
448 2764 512 2835 gor
534 2764 580 2811 ex
601 2763 672 2811 una
691 2747 800 2833 parte,
822 2761 869 2809 ex
890 2738 960 2808 alia
980 2744 1089 2831 parte,
1112 2744 1198 2807 nant
1216 2736 1229 2805 i
1245 2734 1450 2829 guolchitua
1464 2738 1529 2808 bet
1544 2739 1558 2807 i

413 2859 477 2953 pill
493 2859 679 2930 dirronnen
695 2879 814 2929 versus
830 2856 1010 2938 orientem,
1033 2876 1072 2924 or
1092 2875 1207 2925 onnen
1228 2852 1348 2923 iniaun
1365 2852 1559 2948 dirguairet

413 2977 468 3047 dir
489 2985 575 3048 nant
596 2977 609 3046 i
631 2974 843 3070 guolchetua
861 2973 1014 3044 maliduc
1030 2972 1093 3042 bet
1108 2971 1172 3065 pill
1188 2994 1228 3041 or
1244 2991 1385 3041 onnenn
1400 2973 1438 3041 in
1454 2981 1558 3065 parte

411 3093 482 3164 alia
491 3093 622 3164 diblain
631 3094 644 3162 i
652 3091 926 3186 guuermnliduc
936 3083 1125 3184 diguairet⁷
1135 3088 1197 3159 bet
1207 3095 1293 3158 nant
1304 3088 1317 3157 i
1329 3086 1423 3183 gobb
1432 3097 1470 3159 et
1478 3088 1557 3181 pill.

578 3349 659 3422 Pru
675 3370 779 3421 cumr
794 3369 924 3421 cunno
941 3369 1040 3419 nucu
1055 3367 1176 3420 Juxm
1192 3369 1392 3422 crucumur.

463 3550 566 3621 Rotri
578 3560 616 3622 et
626 3548 763 3633 Grifird,
774 3549 892 3644 Reges
904 3549 1048 3633 Guenti,
1061 3548 1124 3619 filii
1139 3548 1270 3634 Eliseu
1282 3552 1558 3628 immolaverunt

414 3665 503 3750 Deo,
525 3675 563 3737 et
585 3667 725 3739 Sanctis
744 3666 923 3749 Dubricio,
945 3665 1098 3749 Teliauo,
1120 3673 1158 3736 et
1177 3665 1355 3752 Oudoceo,
1377 3677 1415 3740 et
1432 3667 1557 3743 Bledri

413 3783 597 3877 Episcopo,
614 3791 652 3854 et
668 3784 829 3854 omnibus
843 3781 1067 3876 pontificibus
1080 3781 1275 3867 landerice,
1292 3806 1355 3876 pro
1372 3787 1557 3860 animabus

411 3909 598 3993 parentum
609 3922 752 3971 suorum
762 3909 893 3970 terram
905 3899 1006 3970 Penn
1019 3897 1098 3969 calli
1114 3899 1287 3992 guenhuc,
1305 3923 1386 3972 cum
1403 3925 1468 3974 sua
1479 3913 1556 3976 tota

413 4016 590 4101 libertate3
616 4025 653 4088 et
666 4014 1148 4098 datacommunioneincolis,
1161 4016 1335 4110 incampo
1348 4027 1385 4089 et
1398 4020 1435 4090 in
1448 4021 1553 4105 silvis,

411 4132 451 4202 in
463 4157 546 4228 agro
558 4141 596 4204 et
611 4133 650 4203 in
665 4134 810 4227 pascuis,
826 4141 866 4204 et
881 4132 955 4204 sine
967 4131 1040 4202 ullo
1053 4155 1160 4203 ceusu
1175 4132 1239 4204 ulli
1254 4133 1388 4205 homini
1406 4143 1555 4222 terreno,

412 4250 480 4319 nisi
509 4248 663 4321 ecclesiae
693 4249 888 4332 landaviae,
919 4256 956 4319 et
985 4247 1180 4341 pastoribus
1208 4249 1283 4341 ejus
1307 4251 1344 4321 in
1372 4261 1557 4346 perpetuo.

415 4363 511 4437 Finis
534 4365 629 4438 iilius
653 4375 717 4451 est.
749 4362 816 4437 Οτ8
840 4366 931 4436 duur
954 4365 1018 4457 pill
1043 4374 1080 4436 et
1105 4365 1285 4438 dimidiam
1309 4376 1447 4460 partem
1474 4370 1561 4444 linei

451 4693 515 4751 ¹Sic
532 4693 566 4751 B.
585 4698 720 4751 lmus.
745 4695 827 4752 MSS.
861 4696 1012 4752 ‘nocue
1034 4696 1070 4752 Ο.
1104 4697 1238 4754 Wcmm
1254 4699 1337 4755 deest.
1354 4698 1389 4756 Ο.
1425 4700 1563 4759 ⁴65de—

339 4813 346 4829 ι
413 4784 484 4838 icoo.
504 4783 538 4838 0.
572 4781 725 4851 *Elipuollt
745 4783 780 4838 0.
814 4784 927 4840 ⁶Etcrc.
948 4784 984 4841 0.
1021 4785 1204 4853 wimares.
1223 4786 1256 4842 0.
1291 4786 1443 4843 'Ordccst
1462 4788 1502 4846 Ο.
