3450 5800
412 811 459 881 96
783 821 891 873 arnna
914 820 1172 874 munerarius.

460 991 569 1066 VIII.
586 989 792 1082 ¹Postquam
805 1011 888 1059 vero
901 986 999 1058 Deus
1010 987 1088 1058 illas
1099 989 1292 1082 impudicas
1302 990 1543 1063 mulierestali

408 1108 655 1180 immedicabili
665 1105 848 1200 opprobrio
858 1104 1066 1196 deturparit,
1076 1105 1217 1176 eosdem
1226 1113 1363 1177 sanctos
1374 1129 1437 1198 per
1445 1108 1544 1178 aliud

409 1247 495 1318 opus
506 1222 673 1306 mirabile,
688 1230 724 1292 et
737 1221 882 1315 dignum
895 1227 1101 1304 memoratu,
1115 1221 1300 1291 decoravit.
1350 1220 1544 1294 Nemeum

408 1341 531 1413 beatus
550 1339 713 1410 'Ieliauus
734 1345 771 1408 et
792 1335 978 1406 Maidocus
997 1336 1036 1405 in
1055 1337 1144 1407 atrio
1163 1338 1364 1408 monasterii
1387 1361 1459 1409 non
1477 1339 1544 1434 fig-

408 1466 529 1528 menta
543 1462 734 1550 poetarum,
748 1475 813 1524 nac
825 1460 985 1552 veterum
1000 1451 1160 1524 historias
1176 1453 1342 1548 legerent,
1358 1455 1430 1526 imo
1442 1454 1544 1527 Iere-

408 1574 488 1645 miae
512 1573 690 1667 prophetae
716 1569 1010 1652 Lamentationes,
1039 1575 1081 1638 ut
1106 1591 1224 1640 amore
1248 1570 1399 1642 coelestis
1421 1573 1545 1666 patriae

408 1690 519 1784 magis
539 1688 823 1769 accenderentur;
848 1684 1048 1778 supervenit
1064 1685 1207 1776 quidam
1227 1685 1387 1770 famulus,
1413 1671 1543 1772 dicens,

407 1807 503 1901 ligna
524 1807 653 1886 deesse,
673 1803 799 1896 quibus
818 1823 918 1872 ooena
937 1799 1085 1871 fratrum
1104 1803 1287 1894 praeparari
1305 1811 1432 1895 posset.
1482 1803 1545 1874 Illi

408 1930 528 1993 autem
542 1921 610 1992 hoc
627 1917 715 2014 segre
731 1918 892 2000 ferentes,
910 1939 980 1987 non
996 1918 1079 2009 quia
1093 1918 1132 1987 in
1147 1918 1312 2010 obsequio
1328 1918 1473 1988 fratrum
1489 1920 1546 2012 pi-

407 2037 586 2132 gritarent,
611 2036 673 2106 sed
697 2035 779 2128 quia
802 2034 848 2106 ad
871 2029 1146 2127 praeparandam²
1170 2033 1383 2106 confratrum
1406 2058 1547 2107 coenam

410 2149 617 2246 tempestive
630 2150 674 2222 de
686 2150 773 2221 silva
787 2172 857 2220 non
874 2157 1016 2242 possent
1031 2149 1173 2234 reverti;
1198 2151 1307 2222 nimia
1322 2150 1548 2222 festinatione

408 2275 637 2362 perrexerunt
661 2267 706 2337 ad
731 2287 882 2336 nemora
938 2265 1075 2350 Quibus
1100 2265 1252 2360 graviter
1276 2265 1548 2339 sollicitantibus

409 2385 559 2477 qualiter
574 2385 645 2454 cito
660 2383 823 2465 redirent
840 2390 877 2453 et
893 2381 1042 2474 qualiter
1057 2389 1197 2452 tantum
1212 2381 1385 2476 lignorum
1400 2393 1548 2476 possent

410 2500 553 2584 deferre,
575 2499 668 2593 quod
687 2499 725 2570 in
744 2498 874 2569 multos
894 2497 968 2569 dies
984 2496 1141 2568 sufficere
1156 2506 1273 2591 posset
1293 2499 1338 2569 ad
1354 2522 1440 2592 opus
1455 2522 1547 2593 prae·

410 2617 649 2711 parandorum,
668 2622 837 2708 quatenus
857 2621 979 2708 postea
997 2635 1103 2684 sacrae
1119 2613 1259 2685 lectioni
1275 2621 1313 2685 et
1329 2615 1547 2687 orationibus

411 2735 541 2805 diutius
562 2740 704 2828 possent
723 2731 897 2815 insistere;
922 2732 992 2801 duo
1007 2730 1144 2824 bijuges
1161 2731 1254 2802 cervi
1272 2733 1546 2803 mansuetissimi

412 2858 644 2934 occurrerunt,
656 2857 693 2921 et
705 2847 795 2919 oolla
806 2847 1317 2942 praebentesadsnbjugnndum
1328 2846 1411 2944 (Dei
1420 2845 1545 2941 nutu³)

411 2968 591 3039 servitium
606 2966 839 3060 prebuerunt,
855 2964 953 3056 quasi
971 2964 1135 3047 dicerent,
1162 2962 1285 3035 “Deus
1300 2965 1420 3035 videns
1435 2988 1549 3059 quare

412 3080 589 3153 “sollicite
613 3080 711 3165 sitis,⁴
735 3081 834 3152 exuit
853 3080 953 3151 nobis
973 3079 1190 3150 ferocitatem
1211 3087 1375 3164 nostram,
1398 3088 1436 3152 et
1457 3080 1550 3152 fecit

411 3208 503 3269 “nos
523 3206 705 3269 mansueta
723 3218 857 3289 pecora,
882 3204 925 3265 ut
945 3195 1099 3267 laborem
1119 3218 1225 3288 quam
1245 3218 1307 3268 vos
1326 3197 1421 3269 initis
1439 3198 1547 3269 sube-

411 3314 570 3386 “amus.”
603 3314 739 3399 Quibus
750 3312 951 3406 subjugatis,
964 3311 1151 3383 laudabant
1164 3311 1366 3396 Dominum,
1377 3314 1546 3397 dicentes,

412 3428 654 3501 “Benedictus
671 3428 777 3513 Deus,
795 3438 832 3499 et
848 3437 948 3521 pater
965 3426 1109 3498 Domini
1125 3426 1150 3500 J
1151 3451 1212 3499 esu
1227 3428 1367 3511 Christi,
1385 3430 1444 3521 qui
1459 3430 1549 3501 mis-

412 3544 640 3617 “ericorditer
659 3526 774 3617 servos
793 3568 873 3617 auos
894 3568 957 3639 pro
980 3544 1142 3616 fratribus
1163 3545 1317 3638 respexit
1336 3545 1548 3629 laborantes,

412 3661 598 3733 “faciendo
619 3670 802 3733 mansueta
821 3684 949 3755 pecora
969 3660 1014 3732 de
1036 3660 1118 3733 feris
1139 3660 1313 3743 silvarum,
1336 3684 1412 3753 quae
1433 3662 1547 3732 nostri

409 3778 565 3850 “laboris
581 3779 749 3850 sarcinam
765 3778 1005 3849 distinerent?

463 3892 532 3964 IX.
559 3894 719 3988 Cumque
735 3894 855 3978 sancti,
873 3901 1017 3965 onerato
1035 3892 1199 3988 plaustro,
1220 3894 1363 3963 domum
1381 3892 1549 3975 redirent,

410 4032 480 4082 non
502 4012 706 4105 (secundum
726 4011 909 4083 homiuum
931 4006 1231 4099 consuetudinem)
1248 4016 1409 4080 oneratos
1424 4030 1546 4079 cervos

410 4127 637 4199 stimulabant
652 4135 694 4198 ut
705 4128 808 4199 citius
822 4128 1033 4211 incederent,
1046 4128 1155 4197 immo
1166 4126 1245 4198 illos
1260 4148 1282 4197 a
1297 4126 1402 4220 longe
1416 4148 1546 4219 prace-

412 4242 555 4328 debant3
580 4244 672 4314 cervi
696 4267 788 4327 vero,
811 4243 909 4314 nullo
930 4238 1094 4338 cogentc⁵
1117 4240 1374 4336 sequebantur.⁶
1423 4241 1474 4312 Et
1496 4266 1546 4313 ne

412 4359 560 4451 amplius
576 4362 822 4431 commoratio
841 4361 1159 4454 interrumperetur,
1182 4382 1244 4452 pro
1264 4358 1461 4450 hujusmodi
1483 4380 1548 4428 ne-

449 4673 551 4731 macto
573 4677 706 4731 inseritur.
734 4676 772 4731 H.
820 4678 1055 4746 ‘Preperondum
1084 4679 1118 4735 Ο.
1166 4679 1271 4733 ³1m‘tu.
1299 4679 1332 4732 0.
1379 4678 1479 4731 ‘Rom
1510 4677 1546 4731 Ο.

412 4763 538 4831 'Auente
557 4762 589 4818 0.
624 4762 875 4831 ‘Gemmatum
893 4763 926 4820 0.
