3450 5800
530 813 637 866 arnan
662 813 920 867 nssnnvansls.
1241 797 1288 870 95

153 985 300 1059 bellandi
312 982 442 1064 nescia,
456 980 575 1052 laevius
587 979 762 1074 subjugari
778 981 904 1072 potuit.
955 978 1072 1074 Siquis
1084 992 1203 1054 autem
1215 984 1289 1076 ple.

154 1105 225 1173 nius
245 1103 336 1172 scire
359 1099 545 1180 desiderat,
565 1097 602 1166 in
619 1096 777 1168 Historia
794 1095 925 1168 Gmnln
941 1095 1188 1170 Britannorum
1205 1098 1290 1172 His·

152 1217 363 1312 toriographi
379 1214 541 1309 reperiet.

199 1334 267 1407 VI.
295 1333 461 1423 Cumque
478 1329 619 1422 quidam
639 1329 732 1400 illius
752 1328 892 1400 nefarie
911 1331 1025 1424 gentis
1040 1333 1199 1427 princeps
1215 1341 1289 1404 tru-

153 1452 297 1522 cidando
321 1449 468 1521 miseros
492 1445 631 1528 incolas,
661 1453 698 1516 et
722 1445 957 1517 comburendo
981 1448 1071 1519 aedes
1095 1458 1133 1520 et
1156 1451 1290 1544 templa

154 1575 360 1648 sanctorum,
383 1587 406 1634 a
425 1563 606 1634 navalibus
626 1559 822 1656 appulerat1
844 1585 955 1654 usque
978 1563 1218 1636 Minuensem¹
1240 1567 1289 1637 oi-

157 1684 303 1752 vitatem
325 1680 560 1774 processisset;
584 1679 634 1749 ibi
659 1679 826 1760 constitit,
851 1678 970 1770 ibique
994 1701 1096 1750 suum
1119 1681 1288 1774 palatium

22 1785 23 1880 ᾗ
159 1798 358 1869 construxit.
396 1795 469 1880 Qui
481 1797 600 1866 videns
614 1793 734 1865 Sancti
746 1793 892 1876 'leliaui
906 1793 1060 1878 Doridis,
1074 1796 1289 1890 aliorumque

160 1937 333 1984 servorum
349 1911 428 1996 Dei,
446 1912 600 2004 quicum
616 1909 685 1980 illis
701 1910 833 1981 ibidem
845 1910 1028 2004 degebant,
1042 1913 1122 1983 vitoe
1136 1913 1289 2005 probita-

22 2081 23 2104 ι
159 2039 240 2112 tem,
257 2032 345 2100 siout
360 2051 546 2122 pravorum
561 2049 699 2120 semper
713 2026 928 2096 consuetudo
940 2036 994 2097 est
1009 2028 1108 2098 bonis
1124 2028 1288 2110 invidere,

22 2113 23 2178 l
157 2168 223 2218 non
239 2145 353 2216 solum
369 2145 438 2214 illis
455 2143 641 2226 invidebat,
659 2142 720 2212 sed
737 2143 843 2212 etiam
856 2143 938 2235 quia
952 2143 1031 2214 illos
1045 2152 1120 2214 tam
1136 2151 1289 2214 attentos

156 2264 191 2332 in
209 2261 281 2332 Dei
300 2260 443 2332 servitio
459 2259 603 2342 videret,
625 2257 737 2330 multa
757 2261 807 2330 eia
828 2259 1010 2352 opprobria
1033 2282 1123 2352 sape
1139 2260 1288 2343 dicebat,

157 2379 262 2448 uteie
283 2399 346 2448 eos
367 2400 391 2446 a
407 2376 546 2447 Christo
569 2383 752 2470 separaret.
804 2373 877 2445 Sed
896 2377 978 2467 quia
997 2377 1101 2446 minis
1117 2383 1155 2446 et
1174 2377 1289 2448 verbis

22 2491 23 2584 ᾖ
158 2495 312 2587 turpibus
330 2494 425 2586 quod
442 2492 581 2565 volebat
601 2491 737 2562 efficere
754 2513 826 2562 non
844 2492 961 2584 potuit
978 2491 1098 2563 multia
1114 2493 1290 2564 machinu-

160 2611 306 2681 tionibus
329 2632 389 2680 eos
410 2617 546 2679 tentare
566 2615 719 2691 conatus,
737 2607 826 2678 vidit
846 2629 884 2678 sc
899 2607 996 2678 nullo
1011 2608 1116 2678 modo
1137 2630 1290 2678 commo·

159 2728 228 2797 dius
244 2749 353 2819 quam
370 2748 434 2818 per
448 2724 634 2796 muliebres
649 2723 834 2795 blanditias
850 2721 939 2794 illud
955 2722 1091 2794 efficere
1105 2745 1215 2816 posse.

201 2840 290 2915 VII.
319 2840 493 2935 haccepit
513 2841 632 2934 itaque
653 2838 791 2911 mulieri
814 2861 893 2922 suaa,
918 2846 961 2909 ut
981 2839 1027 2911 ad
1051 2846 1188 2911 sanctos
1212 2861 1290 2911 suaa

159 2956 393 3052 pedissequas³
414 2959 587 3052 dirigeret,
610 2966 647 3028 et
669 2964 868 3028 sanctorum
888 2955 1017 3027 visibus
1038 2978 1076 3027 se
1096 2954 1291 3040 offerrent3⁴

21 3062 22 3075 ¹
160 3085 197 3145 ut
216 3076 322 3145 fatuus
343 3075 499 3145 motibus
515 3076 568 3147 sui
584 3076 743 3168 corporis,
762 3082 800 3144 et
814 3073 1018 3144 meretriciis
1034 3071 1289 3156 blandimentis,

159 3202 353 3263 auctomm
366 3198 502 3261 mentes
515 3215 536 3261 a
548 3197 666 3262 sancto
676 3190 852 3283 proposito
865 3198 1072 3260 conarentur
1083 3198 1289 3283 pervertere.

162 3308 252 3391 Qua,
278 3310 366 3377 dum
387 3308 535 3378 dominae
555 3330 625 3378 suoe
645 3305 850 3398 exequendo
869 3308 1043 3388 mandata,
1064 3328 1102 3376 se
1122 3306 1219 3399 quasi
1238 3305 1292 3375 in·

165 3446 257 3494 sanas
280 3447 356 3495 ease
381 3422 592 3506 simularent,
617 3425 745 3493 insanae
769 3421 870 3493 factoe
894 3431 985 3493 sunt
1035 3421 1175 3515 Quippe
1200 3422 1289 3515 quia,

167 3539 253 3609 sicut
268 3540 401 3623 dicitur,
421 3539 505 3630 “qui
521 3539 558 3609 in
574 3540 730 3610 sordibus
747 3547 809 3620 est,
828 3538 952 3631 dignus
968 3546 1022 3609 est
1038 3546 1079 3607 ut
1094 3539 1205 3631 magis
1221 3560 1292 3608 sor-

168 3654 337 3724 “doscat”
386 3655 468 3739 Quo
484 3656 566 3738 viso,
586 3656 770 3748 praedictus
792 3662 1001 3747 persecutor,
1023 3660 1060 3723 et
1076 3660 1153 3724 tota
1168 3653 1292 3722 domus

166 3792 236 3851 sua,
258 3792 319 3861 per
337 3772 484 3865 gratiam
506 3793 683 3841 servorum
699 3769 769 3841 Dei
785 3769 992 3841 catholicam
1010 3768 1118 3839 fidem
1135 3789 1291 3859 suscepe-

162 3893 251 3968 runt,
266 3887 358 3957 etab
371 3887 551 3957 eisdemin
564 3886 694 3958 Christi
706 3887 847 3957 nomine
859 3885 1026 3978 baptizati
1039 3891 1130 3954 sunt.
1161 3880 1292 3953 Beatus

159 4002 275 4094 itaque
290 4002 361 4072 fuit
378 4004 438 4095 qui
454 4004 603 4074 scienter
619 4002 890 4097 persequebatur
901 4002 1024 4093 justos,
1041 4007 1083 4069 ut
1099 3998 1294 4069 nescienter

154 4118 267 4209 putris
288 4118 494 4202 efficeretur,
516 4127 651 4191 sanctos
671 4119 840 4201 tentabat,
863 4125 906 4187 ut
925 4123 1063 4187 sanctus
1083 4114 1197 4197 fieret3
1223 4113 1293 4183 liti-

158 4232 276 4327 gabat⁵
294 4258 378 4305 cum
393 4235 600 4319 hominibus,
617 4244 659 4307 ut
675 4258 756 4307 cum
773 4234 851 4305 Deo
867 4231 1160 4313 reconciliaretur3
1181 4230 1308 4323 despi-.

158 4350 269 4423 ciebat
286 4351 449 4433 humiles,
465 4360 507 4422 ut
521 4352 756 4425 humilitatem
773 4352 942 4446 diligeret.

190 4676 430 4747 unmao.
461 4676 800 4733 quarumnam.
830 4671 1163 4742 winomadum-H·
1192 4672 1295 4738 ’θῶν-

160 4771 208 4818 at.
227 4766 262 4821 Ο.
300 4766 493 4833 'Htipobotun
511 4764 545 4819 Ο.
