3450 5800
512 819 618 871 nnsnn
642 819 900 872 nsnnsvnssrs.
1225 806 1272 877 33

138 1014 210 1063 nem
233 992 356 1073 sciens,
382 996 509 1059 contra
525 984 580 1059 ea¹
599 984 731 1058 temere
748 988 866 1059 venire
882 986 1094 1071 tentaverit²
1110 993 1271 1076 seeundo,

135 1109 278 1179 tertiove
300 1106 530 1187 commonita,
552 1104 581 1173 si
602 1126 672 1172 non
694 1104 927 1175 satisfnetione
943 1127 1096 1198 eongmn
1111 1109 1273 1178 emender

132 1224 228 1305 verit,
245 1222 436 1315 potestatis
452 1220 660 1311 honorisque
672 1221 725 1289 sni
739 1220 908 1314 dignitate
921 1228 1046 1303 eareat,
1059 1244 1223 1315 reamque
1236 1248 1274 1295 se

132 1340 246 1409 divino
252 1339 393 1431 judicio
405 1338 555 1408 existere
568 1337 612 1407 de
623 1343 822 1429 perpetrate
833 1338 1018 1429 iniquitate
1030 1348 1224 1431 cognoseat,
1236 1350 1273 1411 et

133 1479 153 1525 a
168 1456 403 1525 saeratissimo
417 1476 559 1545 corpore
575 1474 616 1522 ee
629 1453 795 1545 sanguine
808 1451 878 1523 Dei
891 1461 928 1524 et
941 1452 1084 1524 Domini
1097 1455 1273 1550 Redemp-

134 1572 217 1641 toris
233 1572 344 1641 nostri
361 1567 386 1639 J
388 1592 450 1640 esu
468 1568 598 1639 Christi
614 1568 727 1638 aliena
742 1569 814 1651 fiat,
836 1576 942 1662 atque
962 1571 1001 1639 in
1016 1579 1174 1641 extremo
1191 1595 1273 1643 exn-

136 1689 230 1756 mine
243 1686 409 1757 districtae
421 1684 547 1755 ultioni
564 1684 749 1775 subjaceat.
802 1682 947 1755 Cunctis
959 1694 1078 1757 entem
1090 1688 1204 1759 eidem
1218 1713 1274 1761 ee-

140 1803 253 1873 clesioe
264 1803 359 1895 justa
375 1801 592 1873 serventibus
608 1800 653 1871 sit
669 1823 739 1892 pax
752 1798 897 1870 Domini
914 1803 1022 1872 nostri
1034 1800 1059 1872 J
1059 1826 1120 1873 esu
1133 1803 1273 1887 Christi,

140 1926 310 2011 quatenus
325 1926 362 1988 et
380 1918 438 1987 hie
455 1918 608 1987 fructum
628 1917 728 1986 bonae
744 1917 889 1987 aetionis
904 1919 1112 2010 percipiant„
1128 1926 1166 1990 et
1181 1920 1274 2012 apud

141 2036 332 2107 districtum
345 2034 810 2127 Judieempraeminoetsrnae
822 2036 918 2129 penis
930 2035 1117 2108 inveniunt.
1144 2036 1273 2109 Amen.

150 4011 233 4082 Dat.
250 4033 323 4084 xm.
339 4015 390 4087 kl.
409 4009 525 4098 Maii?
546 4016 665 4087 indict.
684 4034 732 4085 vr.
751 4017 995 4088 incarnationis
1016 4016 1197 4086 dominicae
1215 4038 1276 4086 an-

151 4151 194 4198 no
210 4137 422 4202 n⁶0⁰xxv111⁰
434 4131 658 4224 pontificatis
675 4140 793 4204 autern
810 4135 941 4204 domini
958 4132 1106 4204 Honorii
1124 4133 1275 4217 secundi,

150 4241 273 4337 Papae,⁴
288 4271 377 4320 enno
394 4256 528 4340 quarte.

184 4682 281 4740 ¹Forte
296 4705 357 4742 eam.
376 4687 409 4745 B.
445 4689 594 4748 ’Νησώ
613 4692 646 4748 Ο.
682 4693 721 4747 ³9
739 4693 848 4766 Aprilis,
867 4691 943 4749 Α.Ι).
962 4697 1039 4750 1128.
1074 4692 1215 4748 4H0nor.
1235 4690 1277 4748 11.

152 4769 277 4826 ‘Secundi
288 4776 364 4844 Pnpoe
375 4776 482 4833 desunt.
501 4776 535 4833 Ο.
