3450 5800
532 828 640 881 nmen
664 827 927 880 nnunnvnusrs.
1251 808 1299 880 49

157 998 226 1083 int,¹
243 998 405 1069 ecclesiis
423 996 530 1067 simul
547 1004 584 1067 et
599 994 777 1067 beneficiis
789 990 925 1065 earum²
941 994 1129 1087 priventur.
1170 993 1302 1068 Nullus

157 1120 190 1187 in
202 1118 387 1196 decanum,
401 1113 521 1183 nullus
533 1115 570 1183 in
586 1113 746 1205 priorem,
761 1112 826 1182 nisi
843 1112 1045 1205 presbyten
1063 1112 1179 1183 nullus
1195 1113 1232 1185 in
1249 1138 1303 1183 ar-

159 1234 413 1314 chidiaconum,
427 1231 494 1299 nisi
508 1230 672 1299 diaconus
688 1236 946 1322 promoveatur3
968 1228 1084 1299 nullus
1100 1230 1138 1298 in
1154 1232 1302 1325 praesby-

159 1360 281 1431 terum,
307 1347 429 1419 nullus
454 1348 492 1416 in
516 1346 710 1427 diaconum,
737 1345 802 1414 nisi
824 1345 869 1415 ad
890 1352 1025 1415 certum
1046 1345 1190 1415 titulum
1212 1348 1303 1418 ordi-

161 1478 271 1538 netur.
324 1464 398 1548 Qui
414 1486 498 1534 vero
515 1460 672 1533 absolute
692 1461 798 1531 fuerit
815 1462 1002 1544 ordinatus,
1028 1470 1168 1555 sumpta
1188 1472 1305 1535 emeat
1379 1490 1385 1498 ·

164 1585 343 1677 dignitate.
396 1578 529 1651 Nullus
545 1579 660 1661 abbas,
678 1577 795 1647 nullus
812 1573 955 1648 omnino
972 1578 1117 1649 clericus
1133 1588 1170 1649 et
1187 1580 1305 1664 laicus,

168 1720 373 1792 quemquam
382 1720 446 1789 per
456 1696 656 1787 episcopum
667 1695 703 1763 in
714 1693 861 1764 ecclesie
871 1695 1079 1777 ordinatum,
1089 1695 1219 1787 absque
1229 1720 1307 1787 pro·

169 1816 235 1909 prii
257 1814 403 1906 episcopi
424 1812 568 1905 judicio,
590 1819 776 1903 praesumat
797 1811 933 1902 ejicere.
985 1811 1056 1895 Qui
1073 1820 1192 1882 autem
1209 1836 1307 1883 secus

170 1933 283 2002 facere
295 1929 556 2023 praesumpserit,
571 1927 924 1997 excommunicationi
938 1929 1125 2019 subjaceat.
1176 1927 1308 1999 Nullus

170 2049 406 2141 episcoporum
433 2045 575 2114 alterius
603 2043 851 2136 parochianum
882 2044 1040 2115 ordinare
1065 2051 1127 2114 aut
1149 2045 1309 2136 judicare

166 2171 366 2257 praesumam
392 2161 628 2254 unusquisque
641 2162 735 2231 enim
750 2170 837 2231 “suo
851 2161 991 2232 domino
1005 2169 1074 2233 stat
1087 2170 1149 2231 aut
1161 2160 1309 2245 cadit;'’³

166 2304 228 2351 nec
255 2288 401 2349 tenetur
429 2278 553 2371 aliquis
583 2276 758 2348 sententia
783 2300 854 2346 non
881 2301 903 2347 e
928 2302 991 2348 suo
1015 2278 1136 2370 judice
1162 2278 1307 2371 prolata.

166 2396 283 2467 Nemo
310 2393 656 2465 excommunicatum
681 2392 823 2463 alterius
848 2403 1034 2487 praesumet
1055 2394 1093 2464 in
1116 2396 1309 2465 communi·

166 2536 267 2584 ouem
292 2511 478 2604 susscipere.
530 2509 635 2594 Quod
655 2510 715 2601 qui
736 2510 886 2580 scienter
904 2512 1036 2594 fecerit,
1061 2520 1098 2581 et
1120 2514 1195 2605 ipse
1216 2535 1311 2581 com-

168 2631 333 2699 munione
364 2635 481 2697 careat
511 2625 717 2697 Christiana.
777 2624 1003 2718 Praecipimus
1032 2628 1139 2697 etiem
1173 2652 1218 2697 ne
1251 2628 1312 2697 uni

168 2770 321 2839 personae
339 2745 378 2813 in
395 2743 541 2813 ecclesia
558 2743 856 2813 archidiaconatus
873 2740 952 2812 aut⁴
968 2743 1093 2813 diversi
1115 2744 1314 2813 tribuentur

170 2864 326 2934 honores.
369 2858 602 2954 Praesbytens,
617 2859 778 2942 diaconis,
793 2857 1036 2943 subdiaconis,⁵
1048 2860 1231 2945 canonicis,
1248 2883 1314 2930 ux-

172 3003 276 3062 orum,
291 2974 590 3060 concubinarum,⁶
607 2985 644 3047 ct
660 2977 817 3047 omnium
835 2972 978 3046 omnino
996 2977 1216 3048 foeminarum
1232 3000 1315 3049 con-

172 3097 340 3176 tubernia,
359 3095 568 3164 auctoritate
585 3093 774 3186 apostolica
790 3093 997 3176 inhibemus,
1014 3103 1140 3186 praeter
1155 3103 1314 3177 matrem,

173 3222 231 3282 aut
253 3234 420 3292 sororem,
444 3209 502 3280 vel
524 3211 677 3292 amitam,
701 3210 774 3280 sive
794 3209 873 3280 illes
895 3210 1058 3282 mulieres
1079 3235 1155 3303 quae
1171 3207 1315 3283 omnind

176 3336 312 3398 careant
338 3325 544 3418 suspicione.
596 3326 666 3411 Qui
691 3325 794 3418 hujus
820 3327 951 3397 decreti
976 3328 1123 3399 violator
1147 3329 1315 3410 extiterit,

181 3445 350 3514 confessus
375 3451 438 3512 cut
464 3443 654 3524 convictus,
685 3443 821 3512 minam
846 3444 975 3536 proprii
1000 3445 1129 3516 ordinis
1153 3447 1316 3538 patiatur.

185 3555 339 3640 Usuram,
356 3568 394 3628 et
406 3566 510 3651 turpe
522 3559 658 3628 lucrum
671 3558 804 3628 clericis
817 3557 959 3630 omnind
975 3562 1208 3654 prohibemus.
1248 3561 1319 3647 Qui

186 3695 266 3742 vero
275 3671 1318 3766 superomni⁷criminetalecoufessusfirerit⁸autconvictus‚

184 3813 207 3859 a
223 3790 329 3882 gradu
342 3792 480 3884 proprio
497 3791 688 3883 dejiciatur.
741 3790 943 3888 Sortilegos
966 3795 1100 3876 ariolos,
1123 3803 1160 3864 et
1176 3796 1320 3888 auguria

182 3929 327 3998 quaeque
338 3914 523 3990 sectantes,
533 3909 653 4001 eisque
662 3910 920 3981 consentientes
932 3911 1224 3981 excommunicari
1237 3932 1323 4003 prae-

178 4025 335 4116 cipimus‚
356 4021 599 4117 perpetuique
615 4033 778 4096 notamus
797 4023 954 4097 infamiis.
1004 4025 1104 4096 Inter
1119 4027 1322 4121 consangui-

177 4163 271 4222 neos,
290 4163 353 4212 seu
366 4141 537 4211 affinitate
549 4143 768 4234 propinquos,
782 4165 893 4235 usque
906 4151 942 4214 et
955 4145 1139 4236 septimam
1151 4146 1324 4239 generati-

177 4279 292 4340 onem,
304 4257 530 4328 matrimonia
543 4259 700 4329 contrairi
714 4259 948 4351 prohibemus.
999 4259 1099 4354 Siqui
1111 4284 1194 4332 vero
1206 4262 1325 4333 taliter

178 4373 355 4467 conjuncti
374 4373 514 4454 fuerint,
533 4382 745 4468 separentur.
798 4376 1044 4448 Interdicimus
1057 4379 1174 4461 etiam,
1191 4387 1233 4448 ut
1249 4379 1323 4460 viri,

213 4623 279 4680 ¹Sic
291 4625 324 4681 B.
338 4605 563 4696 Contemperant.
577 4627 657 4684 MSS.
687 4630 810 4684 marum
823 4630 905 4684 deest.
918 4630 951 4685 0.
980 4629 1083 4685 ⁸Bom.
1096 4631 1153 4686 xiv.
1166 4636 1193 4685 4.
1222 4632 1326 4687 ⁴Forte

179 4727 228 4782 pro
251 4719 285 4767 et.
303 4713 338 4768 n.
378 4714 444 4769 esu
471 4714 504 4769 0.
528 4717 690 4786 amonitus,
715 4718 921 4772 autumnum.
950 4716 988 4770 Η.
1028 4717 1264 4773 remorsurum.
1292 4717 1327 4773 0.

179 4797 280 4855 ’munt
292 4800 374 4856 deest.
401 4799 438 4856 0.
472 4801 567 4856 ΒΜ.
592 4801 625 4858 0.
