3450 5800
518 801 627 854 mnan
651 799 914 855 transversam
1217 781 1288 856 167

196 967 406 1042 Sciendum¹
428 977 482 1042 est
504 964 621 1039 nobis²
640 969 733 1061 quod
754 967 850 1038 dedit
872 965 956 1038 llias
976 966 1124 1062 podum³
1140 975 1289 1060 quatuor

154 1089 343 1160 modiorum
366 1087 440 1180 agri
463 1087 555 1156 circa
578 1107 624 1168 se,
650 1107 730 1155 cum
754 1085 848 1154 omni
871 1106 979 1155 censu
1000 1107 1072 1166 suo,
1089 1107 1217 1178 magno
1234 1085 1291 1155 vel

154 1207 293 1287 modico,
312 1202 403 1286 Deo,
421 1211 458 1273 et
476 1201 655 1283 Dubricio,
674 1209 711 1272 et
727 1200 880 1282 'Peliaco
899 1208 936 1270 et
954 1200 1172 1295 Berthguino
1190 1201 1292 1295 Epis-

155 1345 243 1414 copo,
257 1329 296 1392 et
309 1321 423 1390 omnis
435 1318 687 1389 successoribus
698 1317 852 1387 ecclesiae
863 1316 1049 1387 Laudaviae
1062 1319 1098 1386 in
1110 1325 1290 1411 perpetuo.

158 1437 257 1508 Facta
277 1445 333 1507 est
354 1437 423 1506 ista
444 1434 664 1526 eleemosyna
685 1435 722 1502 in
745 1455 828 1524 aper
846 1432 994 1527 Mynuy,
1016 1435 1132 1517 verbo,
1156 1445 1193 1504 et
1209 1457 1292 1504 con·

158 1578 252 1626 sensu
263 1552 375 1624 Ithail
390 1553 509 1645 patris,
527 1559 564 1621 et
580 1549 733 1620 filiorum
752 1548 916 1620 Fernuail
933 1557 970 1620 et
988 1549 1138 1632 Mourio,
1157 1559 1291 1620 etcum

161 1672 251 1741 omni
272 1693 332 1740 sua
353 1668 527 1750 libertate,
552 1674 588 1737 et
612 1666 707 1736 omni
729 1667 983 1748 communione,
1005 1669 1042 1736 in
1059 1690 1182 1762 campo
1199 1675 1236 1738 et
1255 1668 1293 1735 in

164 1785 265 1868 silvis,
281 1787 316 1854 in
331 1807 420 1876 aqua
436 1791 474 1854 et
495 1785 533 1854 in
552 1784 698 1876 pascuis,
716 1791 754 1852 et
770 1783 882 1852 tribus
898 1782 1081 1853 abbatibus
1097 1783 1294 1853 attestanti·

164 1903 237 1984 bus,
249 1901 368 1995 Dagon
377 1899 519 1971 Abbate
532 1899 683 1970 Cerbani
697 1898 805 1980 vallis,
820 1897 951 1969 Saturn
963 1898 1107 1970 Abbate
1120 1897 1293 1981 Docunni,

168 2017 296 2088 Eluoed
311 2015 451 2088 Abbate
472 2016 593 2100 Ilduti,
618 2015 744 2086 Trican
766 2014 925 2086 Lectore.
976 2015 1034 2086 De
1054 2015 1161 2099 laicis,
1187 2024 1295 2087 testes

167 2132 258 2205 sunt⁴
275 2132 428 2204 Judhael
451 2132 543 2216 Rex,
566 2155 647 2203 cum
669 2133 750 2203 filiis
773 2130 938 2233 Femuail
963 2139 1000 2202 ot
1021 2130 1172 2215 Mouric,
1200 2133 1293 2216 Ilias,

165 2247 279 2333 Elcun,
305 2247 447 2332 Mabsu,
466 2248 643 2320 Judnerth
659 2249 750 2319 filius
771 2247 983 2341 Judgualon,
1002 2247 1187 2320 Dounerth
1203 2248 1296 2319 filius

162 2363 268 2448 Judic,
296 2363 437 2448 Ceriau,
466 2363 615 2435 Judnce.
667 2363 878 2456 Quicunque
909 2365 1122 2449 custodierit,
1152 2366 1294 2437 benedi·

164 2490 266 2566 cetur;
292 2483 353 2575 qui
371 2505 454 2553 vero
471 2483 661 2564 violaverit,
679 2481 916 2552 maledicetur.

583 2747 703 2823 Vnus
728 2750 869 2822 Coruo.

209 2950 399 3023 Sciendum
431 2952 605 3045 estquod
637 2952 818 3023 Conuilius
849 2953 941 3023 filius
969 2949 1157 3036 Gurcenni‚
1188 2954 1294 3024 verbo

169 3064 335 3138 Morcanti
359 3076 396 3138 et
421 3067 483 3137 filii
509 3069 583 3160 ejus
608 3068 726 3153 Ithail,
752 3070 849 3139 dedit
874 3070 1003 3151 villam,
1029 3071 1067 3138 in
1092 3092 1160 3161 qua
1184 3072 1299 3163 sepul·

168 3182 279 3253 chrum
309 3193 365 3255 est
383 3184 502 3267 Gurai‚
529 3186 565 3255 id
591 3194 653 3268 est,
680 3186 799 3257 villam
825 3185 955 3269 Conuo,
982 3185 1071 3269 Deo,
1097 3196 1134 3257 et
1160 3186 1298 3259 Sanctis

170 3296 337 3382 Dubricio,
356 3300 508 3385 Teliauo,
527 3310 564 3371 et
581 3300 757 3386 Oudoce0‚
779 3327 860 3373 cum
883 3326 945 3374 sua
967 3311 1042 3374 tota
1064 3303 1236 3387 libertate,
1260 3311 1298 3374 et

172 3420 242 3483 tota
255 3418 505 3499 communione,
523 3418 560 3488 in
578 3442 700 3512 campo
718 3428 754 3490 et
771 3422 808 3491 in
824 3422 931 3513 aquis,
949 3423 987 3491 in
1003 3422 1090 3492 silva
1105 3428 1142 3491 et
1161 3422 1199 3491 in
1220 3445 1298 3515 pas-

174 3530 252 3611 cuis,
273 3542 305 3601 et
324 3532 543 3627 Berthguino
568 3535 750 3628 Episcop0,
775 3546 811 3607 et
833 3539 1002 3631 episcopis
1025 3540 1185 3608 omnibus
1206 3537 1298 3607 Lan-

172 3644 276 3717 daviae
290 3650 323 3719 in
338 3659 523 3743 perpetum
549 3659 586 3721 et
604 3675 683 3721 oum
698 3654 780 3725 data
796 3654 1016 3748 eleemosyna
1027 3654 1191 3747 pracepit
1213 3652 1298 3723 Cor·
1367 3658 1374 3671 '

171 3762 231 3831 nul
250 3764 316 3835 filio
336 3788 399 3837 suo
422 3766 552 3851 Conuo,
576 3777 613 3838 et
635 3768 714 3839 filiis
731 3773 801 3841 suis
818 3795 840 3841 a
858 3772 1081 3865 generatione
1098 3773 1135 3840 in
1156 3793 1299 3863 genera-

167 3879 302 3963 tionem,
324 3890 367 3951 ut
390 3906 525 3976 semper
548 3884 715 3955 servirent
737 3887 838 3957 altari
863 3887 1048 3957 Laudaviae
1070 3887 1114 3955 de
1134 3886 1300 3977 praedioto

164 4018 253 4089 agro.
305 3997 403 4069 Finis
426 4000 526 4083 illius,
553 3999 590 4070 A
608 4003 737 4072 vertice
754 4004 883 4073 montis
899 4003 1009 4073 Gurai
1031 4025 1139 4095 usque
1160 4025 1300 4073 amnem

165 4109 317 4197 Euenhi,
343 4114 494 4187 latitudo
513 4125 633 4187 autem
655 4142 677 4187 a
699 4118 789 4190 fossa
810 4143 937 4215 magna
958 4141 1068 4210 usque
1090 4114 1152 4188 ad⁵
1173 4118 1301 4187 fossam

163 4238 283 4300 contra
299 4253 406 4301 mare.
458 4233 514 4305 De
532 4233 685 4318 Olericis,
707 4244 816 4309 testes
837 4245 919 4308 sunt
940 4234 1179 4330 Berthguinus
1200 4234 1301 4328 Epis-

164 4366 277 4439 copus,
295 4344 715 4441 SulgenAbbasOarbani
725 4354 833 4438 vallis,
845 4351 1300 4447 saturnAbbasnoegmni,

197 4671 337 4728 ¹Nullum
357 4670 472 4728 titulum
492 4672 574 4727 habet
595 4675 646 4730 hoo
667 4676 870 4731 documentum.
895 4675 929 4731 E.
971 4676 1074 4731 ’Forte
1094 4677 1147 4749 leg.
1168 4678 1245 4732 oolla
1269 4676 1302 4730 E.

162 4754 285 4813 ³Pedum
306 4760 387 4815 deest.
407 4760 443 4812 O.
469 4758 584 4835 'lietu
601 4770 666 4817 aaut
683 4762 789 4819 desunt.
807 4763 844 4818 Ο.
879 4764 944 4817 Md
961 4764 1044 4820 deest.
1061 4764 1098 4819 Ο.
