3450 5800
374 796 423 869 22
748 814 857 865 urens
881 815 1142 866 munnvnsms.

374 981 525 1074 populus
542 1004 645 1073 super
661 982 727 1053 hac
744 983 877 1052 visione
893 1002 1021 1075 magna
1036 981 1221 1075 gaudebat,
1239 990 1277 1053 et
1293 982 1414 1053 laudes
1427 981 1520 1065 Deo,

376 1096 577 1190 Sanctoque
595 1096 757 1169 Samsoni
777 1121 823 1168 ex
844 1098 978 1167 intimis
998 1098 1154 1190 profirsas
1175 1100 1364 1170 visceribus
1384 1097 1520 1191 procla-

376 1215 510 1297 mabat3
527 1215 584 1284 cui
595 1213 745 1285 Sanctus
756 1212 906 1285 Samson
918 1214 1083 1307 praecepit
1095 1222 1136 1283 ut
1148 1216 1398 1286 monasterium
1411 1214 1520 1307 prope

377 1338 516 1401 antrum
537 1327 779 1401 constituerit.¹
831 1330 914 1422 Ipse
931 1352 1012 1399 vero
1029 1330 1170 1401 interim
1192 1332 1229 1401 in
1249 1341 1359 1415 antro,
1375 1331 1521 1423 jejuniis

377 1456 415 1518 et
431 1448 644 1518 orationibus
660 1446 900 1529 incumbebam
925 1446 986 1515 ubi
1004 1446 1109 1517 fontis
1122 1469 1248 1517 venam
1264 1448 1423 1540 precibus
1440 1470 1522 1540 pro-

376 1563 519 1646 meruit3
545 1587 622 1655 quae
637 1586 747 1655 usque
763 1562 868 1645 hodie
884 1561 992 1632 fluere
1010 1585 1079 1631 non
1096 1563 1233 1633 desinit.
1284 1562 1445 1655 Cumque
1457 1584 1522 1655 po-

377 1678 480 1772 pulus
499 1680 748 1749 monasterium
769 1679 980 1771 perfecisset,
1007 1685 1044 1748 et
1063 1678 1131 1748 hoc
1153 1679 1276 1749 beatus
1293 1678 1442 1749 Samson
1460 1679 1521 1748 de-

378 1795 535 1877 dicasset,
552 1804 689 1887 patrem
705 1818 807 1865 suum
820 1794 1045 1877 Ammonem,
1063 1804 1100 1865 et
1117 1819 1198 1867 cum
1215 1818 1257 1867 eo
1274 1796 1521 1867 consobrinum

377 1932 478 1981 suum
499 1912 536 1980 in
552 1912 677 1982 eodem
694 1912 885 1982 constituit.
937 1910 1019 2003 Ipse
1035 1912 1072 1981 in
1089 1910 1317 1995 Britanniam,
1339 1934 1421 1981 cum
1438 1912 1519 1993 suis,

379 2026 458 2098 Deo
471 2029 630 2110 ducente,
644 2030 831 2122 navigavit.
868 2027 959 2099 Cum
972 2028 1010 2097 in
1022 2037 1163 2121 portum
1175 2030 1399 2122 pervenisset,
1413 2036 1521 2119 atque

379 2145 423 2214 de
435 2146 516 2214 navi
529 2145 770 2227 descendisset,
789 2146 877 2214 vidit
887 2146 994 2235 juxta
1005 2152 1146 2237 portum
1158 2146 1347 2239 tugurium,
1361 2152 1398 2214 et
1411 2145 1448 2213 in
1461 2140 1521 2213 eo²

379 2260 554 2352 quendam
566 2256 757 2352 privatum³
769 2260 1014 2331 miserabiliter
1025 2260 1236 2353 plorantem3
1257 2283 1463 2354 semperque
1475 2259 1522 2330 ad

378 2398 475 2445 mare
492 2376 734 2468 aspicientem3
757 2377 814 2446 cui
832 2375 981 2447 Samson
1000 2379 1059 2459 ait,
1079 2386 1098 2416 ‘⁶
1105 2376 1235 2459 Frater,
1258 2377 1343 2469 quid
1363 2373 1521 2468 ploras?”

380 2489 451 2573 Qui
465 2491 554 2560 dixit
570 2493 613 2574 ei,
633 2490 817 2562 “Uxorem
832 2492 946 2565 habeo
959 2493 1129 2585 leprosam
1146 2494 1182 2562 in
1198 2492 1265 2563 hac
1281 2493 1470 2573 mansione,
1484 2500 1523 2561 et

381 2606 520 2677 “filiam
537 2609 793 2692 demonium,
814 2631 902 2701 quas
922 2608 1009 2679 mihi
1030 2607 1202 2679 Dominus
1224 2631 1345 2678 sanare
1361 2606 1523 2701 promisit

380 2733 400 2762 ‘⁶
410 2746 474 2816 per
489 2724 664 2815 quendam
682 2726 966 2808 transmarinum3
992 2747 1098 2817 quem
1114 2726 1229 2795 triduo
1245 2725 1304 2794 hic
1321 2732 1522 2816 expectans,

381 2850 511 2933 “spero
529 2848 715 2912 venturum
732 2842 769 2912 in
789 2840 883 2913 hunc
899 2841 1071 2935 portum.”
1122 2839 1254 2912 Beatus
1272 2863 1353 2911 vero
1372 2837 1524 2910 Samson

378 2955 446 3029 hoc
456 2956 608 3039 audiens,
622 2966 729 3050 atque
738 2982 818 3028 cum
828 2981 871 3029 eo
882 2959 1025 3029 domum
1036 2980 1134 3029 suam
1145 2959 1321 3039 introiens,
1333 2979 1437 3049 super
1446 2949 1524 3025 eas‘

380 3072 528 3166 supplex
540 3075 660 3156 oravit,
674 3075 885 3166 sanitatique
897 3077 1060 3145 restituit.
1100 3073 1144 3144 In
1156 3075 1280 3145 eadem
1292 3074 1413 3165 itaque
1424 3094 1526 3141 man·

380 3189 477 3258 sione
497 3189 715 3281 aptissimum
735 3191 865 3281 reperit
887 3190 1013 3272 locum,
1039 3192 1077 3259 in
1098 3213 1167 3282 quo
1188 3188 1419 3260 honorificum
1440 3209 1525 3257 con-

381 3304 509 3373 struxit
526 3306 785 3386 monasterium,
800 3307 896 3398 quod
906 3329 1016 3398 usque
1026 3305 1130 3376 hodie
1142 3304 1275 3376 Dolum
1285 3309 1524 3395 nuncupatum

381 3419 442 3489 nbi
466 3419 617 3512 plurima
641 3422 790 3514 insignia
814 3423 986 3492 virtutum
1008 3420 1176 3493 miracula
1195 3421 1290 3506 fecit,
1314 3413 1441 3510 atque⁵
1460 3441 1527 3510 per

381 3537 574 3628 provincias
593 3536 707 3606 multa
725 3539 935 3608 monasteria
955 3539 1159 3608 construxit.
1211 3536 1280 3608 His
1301 3557 1454 3628 namque
1471 3535 1527 3605 di·

380 3651 468 3722 ebus
484 3651 612 3722 Comes
629 3650 852 3724 Commotus⁶
869 3650 1058 3738 externus,⁷
1073 3678 1183 3726 saevus
1199 3663 1236 3724 et
1252 3654 1433 3734 infaustus,
1448 3674 1526 3722 om·

382 3767 483 3839 nibus
496 3766 673 3839 Britannis
684 3779 839 3862 praerat,
849 3771 912 3863 qui
921 3769 946 3841 J
947 3793 1050 3842 onam
1061 3769 1310 3840 Britannorum
1322 3769 1526 3860 indigenam

382 3882 558 3954 Comitem
575 3886 759 3969 occiderat,
776 3886 889 3956 filium
907 3888 981 3978 ejus
996 3885 1022 3956 J
1023 3882 1207 3957 udualum⁸
1217 3887 1293 3980 regi
1311 3883 1526 3955 Hildeberto

382 4007 419 4068 et
436 4002 573 4094 reginas,
590 4002 627 4070 in
644 3998 864 4095 captivitate⁹
880 4004 1145 4074 cristodiendum
1166 3993 1392 4073 tradiderat¹⁰
1442 3997 1526 4082 Quo

382 4117 512 4198 audito,
531 4115 682 4189 Sanctus
694 4117 843 4190 Samson
859 4121 1005 4191 miserim
1022 4142 1142 4191 eorum
1159 4119 1348 4198 condoluit,
1363 4123 1400 4186 et
1412 4116 1458 4186 ad
1471 4139 1528 4186 re-

383 4253 464 4323 gem
478 4230 723 4339 Hildebertem
740 4236 945 4306 festinanter
961 4237 1129 4328 perrexit3
1147 4237 1289 4328 cupiens
1301 4232 1326 4304 J
1327 4230 1525 4303 udualum¹¹

419 4498 642 4554 mmmmm.
656 4499 690 4555 Ο.
725 4503 1120 4572 'Tipuriametr'noodasrmt
1132 4504 1167 4559 0.
1201 4503 1413 4560 walramo.
1448 4506 1528 4558 *ma

385 4583 420 4637 0.
454 4586 520 4638 ‘Ea
544 4585 577 4638 Ο.
616 4585 683 4640 ‘Ita
705 4586 759 4657 hic,
782 4590 829 4644 sed
852 4597 946 4662 postea
970 4595 1119 4646 commone
1142 4591 1250 4645 dicitur.
1274 4591 1308 4646 B.
1343 4593 1528 4644 ⁷Eaetranem.

385 4670 419 4807 ἲ).
456 4671 628 4810 'gradualem
650 4673 683 4728 0.
718 4674 782 4730 'sie
801 4676 834 4732 Ο.
854 4681 1043 4745 Captivitatm.
1066 4677 1103 4730 Η.
1141 4677 1159 4708 ¹⁰
1172 4679 1300 4732 Tradidit.
1323 4677 1356 4732 Ο.
1396 4676 1412 4708 ¹¹
1424 4678 1529 4732 Induc-

395 4774 448 4810 um.
495 4795 502 4810 .
