3450 5800
534 790 642 843 arnan
666 789 927 843 aannsvsusrs.
1226 779 1298 853 243

160 960 304 1036 subdola
317 961 361 1034 dc
374 960 554 1032 territoriis
572 958 767 1042 Landariae,
782 966 820 1030 ct
836 982 919 1029 cnm
934 968 1012 1031 toto
1023 962 1203 1059 privilegio
1217 967 1300 1038 dato

161 1083 225 1154 sibi
242 1079 280 1152 i¹
297 1089 456 1172 tempore
474 1075 683 1148 Sanctorum
701 1074 871 1161 Dubricii,
884 1075 1028 1162 Teliaui,
1042 1077 1215 1166 Oudocei3
1232 1082 1300 1154 hoc

162 1207 224 1280 est,
242 1199 317 1268 sine
329 1195 402 1266 ullo
413 1215 530 1277 censu,
547 1215 674 1287 magno
686 1192 744 1262 vcl
759 1194 908 1276 modico,
920 1193 984 1264 ulli
1000 1194 1134 1266 homini
1149 1205 1298 1284 terreno,

161 1315 226 1385 nisi
250 1320 391 1383 tantum
415 1311 571 1382 oratione
597 1309 807 1402 quotidiana,
838 1317 876 1380 et
900 1310 1134 1382 ecclesiastico
1159 1316 1301 1386 servitio

162 1431 294 1514 diurno,
312 1429 386 1500 sinc
402 1425 553 1508 consula,
577 1426 650 1496 sine
666 1425 881 1519 proconsule,
902 1427 977 1498 sine
996 1437 1172 1500 conventu
1192 1428 1302 1503 intra²

163 1546 310 1639 patriam
332 1565 398 1616 neo
419 1551 530 1626 extra,
548 1543 622 1613 sinc
638 1539 758 1636 vigilia
780 1543 875 1614 intus
895 1565 961 1613 nec
976 1553 1087 1629 extra,
1104 1547 1179 1619 sine
1195 1571 1302 1640 expe-

163 1663 304 1744 ditione,
321 1669 358 1732 et
380 1659 573 1732 cumomni
591 1658 762 1752 dignitate
784 1660 888 1730 crniae
910 1682 981 1730 suae
1002 1660 1157 1753 plenaria
1173 1671 1210 1733 et
1227 1661 1301 1758 (ιη’

164 1779 213 1848 sic
230 1775 355 1868 dicam)
373 1778 411 1846 in
428 1777 588 1847 omnibus
604 1783 646 1845 ut
661 1775 771 1870 regia3
797 1785 835 1846 ct
852 1799 981 1848 vovens
999 1775 1086 1861 Deo,
1108 1787 1146 1849 et
1162 1778 1301 1851 Sanctis

163 1893 342 1977 Dubrioio,
358 1893 513 1977 Teliauo,
537 1901 575 1964 et
596 1891 773 1976 Oudoceo,
798 1900 835 1963 et
857 1895 895 1963 in
916 1915 1024 1964 manu
1045 1893 1177 1988 Joscph
1199 1893 1301 1989 Epis·

161 2011 249 2103 copi,
267 2010 484 2081 consolidans
496 2017 533 2080 et
549 2009 756 2101 promittens
777 2009 938 2080 omnibus
958 2012 1210 2083 successoribus
1230 2013 1301 2084 suis

162 2127 200 2196 in
220 2135 399 2220 perpetuo,
422 2135 463 2197 ut
485 2149 663 2219 nunquam
688 2126 924 2198 dominaretur
945 2128 984 2197 in
1003 2125 1121 2221 aliquoi
1135 2152 1174 2200 rc
1191 2130 1302 2201 ecclc·

163 2241 310 2326 siasticai,
328 2240 407 2312 aut⁴
420 2243 494 2335 ejus
510 2243 790 2346 possessionibus,
807 2266 874 2314 nec
886 2245 993 2314 etiarn
1008 2245 1183 2340 refugium
1196 2247 1303 2318 viola·

163 2367 269 2442 turus,
296 2361 367 2430 imo
390 2367 653 2430 conservaturus
674 2360 712 2428 in
732 2360 907 2444 omnibus3
933 2369 971 2431 et
993 2384 1155 2433 concesso
1178 2365 1303 2435 eodem

162 2474 296 2570 refugio
321 2476 502 2546 territoriis
528 2475 688 2546 omnibus
713 2475 879 2568 ejusdem,
904 2485 942 2546 ct
966 2479 1170 2550 confirmato
1192 2480 1237 2552 ab
1259 2503 1302 2551 eo

163 2591 235 2674 tali,
253 2591 356 2684 quale
373 2592 440 2662 fuit
458 2591 578 2662 Sancti
596 2589 755 2662 Dubricii
775 2592 812 2662 in
833 2593 938 2685 priori
954 2601 1122 2687 tempore,
1140 2596 1305 2667 videlicet

165 2710 330 2801 quamdiu
356 2708 505 2779 voluerit
528 2709 696 2804 profugus
721 2708 917 2792 Laudarier,
943 2717 1126 2780 eteorum
1147 2713 1306 2782 omnium

164 2823 309 2920 ubiquc⁵
334 2825 558 2896 ecclesiarum
583 2825 648 2896 sibi
678 2824 895 2897 subditannm
923 2835 1064 2897 maneat
1091 2835 1199 2912 tutus,
1229 2830 1305 2901 sinc

164 2951 369 3038 protegente
386 2943 507 3037 clypeo
524 2944 590 3014 nisi
611 2944 738 3027 divino,
757 2952 794 3014 et
815 2953 1014 3015 sanctorum
1033 2945 1251 3037 protectione
1267 2946 1305 3015 in

165 3062 239 3152 ejus
255 3060 360 3154 asylo,
377 3068 415 3131 et
433 3060 509 3131 sine
525 3060 684 3142 termino,
706 3084 777 3131 non
798 3069 937 3131 tantum
957 3084 1021 3154 per
1036 3062 1189 3131 diocesin
1205 3084 1305 3132 suam

167 3177 343 3248 dividente
362 3174 515 3273 Tyugrri⁶
537 3177 744 3247 occidentali
760 3178 872 3271 plaga,
891 3177 974 3272 Guy
985 3201 1067 3249 vero
1083 3178 1121 3247 in
1133 3178 1221 3249 ostio
1238 3178 1305 3249 Ta·

166 3302 259 3386 ratyr
274 3294 310 3361 in
326 3302 425 3387 parte
442 3292 601 3365 orientali
618 3302 856 3385 sequestrante
868 3292 1046 3388 Angliarn
1060 3315 1181 3365 verum
1197 3294 1306 3365 etiam

167 3410 259 3479 intra
271 3408 519 3502 Episcopatum
533 3410 655 3482 Sancti
668 3409 794 3493 David,
810 3434 874 3503 per
888 3418 1002 3481 totam
1015 3408 1237 3481 Demeticam
1253 3434 1307 3481 rc-

167 3524 315 3618 gionern
336 3534 374 3597 ct
395 3526 545 3598 Cantref
563 3525 680 3610 Maur,
704 3536 741 3597 et
757 3525 1006 3609 Brccheniauo‚
1024 3535 1061 3597 et
1079 3526 1205 3598 Eluail.
1257 3526 1308 3597 Et

167 3640 214 3710 de
226 3642 383 3713 omnibus
396 3644 597 3738 subscriptis
609 3645 737 3714 vestita
752 3644 821 3714 suit
833 3642 981 3715 ecclesia
993 3642 1188 3725 landaviae,
1202 3642 1308 3712 simul

166 3764 204 3826 et
227 3756 419 3853 Episcopus
441 3759 584 3854 Joseph,
608 3783 694 3854 pace
717 3758 845 3854 quieti,
869 3768 907 3830 et
929 3756 1126 3852 tranquilli,
1148 3768 1307 3850 tempore

166 3877 343 3967 regnantis
370 3875 525 3948 Riderch
551 3901 614 3971 per
639 3886 753 3948 totam
779 3876 966 3958 Gualliam,
993 3885 1030 3946 et
1054 3870 1309 3945 admonitionc⁷

166 3988 312 4061 AElnod⁸
324 3990 588 4087 Archiepiscopi
601 3994 869 4075 cantuariensis,
882 3992 987 4062 simul
999 4014 1081 4061 cum
1093 3990 1204 4061 literis
1212 4013 1307 4061 conr-

165 4104 357 4177 mcndatis⁹
381 4108 478 4180 Cnut
507 4111 684 4205 regnantis
709 4109 889 4204 Angliam.
940 4107 985 4178 ln
1009 4107 1160 4179 Cantref
1188 4106 1306 4177 Maur.

166 4220 196 4290 I.
214 4220 402 4295 lanteliau
417 4249 526 4311 maur,
544 4250 625 4297 cum
642 4228 712 4299 suis
724 4227 860 4298 duobus
875 4224 1068 4297 territoriis.
1120 4224 1171 4295 II.
1189 4224 1307 4295 Lann·

166 4338 287 4409 teiliau
300 4349 386 4412 nant
398 4364 486 4413 seru.
526 4343 596 4415 III.
612 4342 822 4415 Lanuteliau
833 4342 936 4438 garth
946 4344 1045 4415 levir.
1084 4340 1176 4412 IIII.
1191 4340 1308 4413 Iann-

202 4658 340 4715 ¹Adscst
351 4657 385 4713 0.
414 4658 666 4729 ²Sic0.s'asra.ll.
695 4661 893 4717 wldonaco.
921 4659 1081 4716 wasiss.
1109 4656 1307 4728 *Quempple-

165 4750 222 4801 tur.
234 4746 267 4801 Β.
302 4748 399 4815 ⁶Tpui.
417 4745 451 4802 Ο.
487 4748 710 4805 momontum.
729 4749 763 4804 0.
798 4748 967 4805 ⁸A1n0a0.
1001 4743 1308 4802 ⁹Commendamso.0.

711 4839 775 4911 21
