<?xml version="1.0" encoding="UTF-8"?>
<!DOCTYPE html PUBLIC "-//W3C//DTD XHTML 1.0 Transitional//EN"
    "http://www.w3.org/TR/xhtml1/DTD/xhtml1-transitional.dtd">
<html xmlns="http://www.w3.org/1999/xhtml" xml:lang="en" lang="en">
 <head>
  <title>
</title>
<meta http-equiv="Content-Type" content="text/html;charset=utf-8" />
  <meta name='ocr-system' content='tesseract 3.04.00' />
  <meta name='ocr-capabilities' content='ocr_page ocr_carea ocr_par ocr_line ocrx_word'/>
</head>
<body>
  <div class='ocr_page' id='page_1' title='image "./liberlandavensi00manugoog/liberlandavensi00manugoog_0300.png"; bbox 0 0 3450 5800; ppageno 0'>
   <div class='ocr_carea' id='block_1_1' title="bbox 514 771 1278 843">
    <p class='ocr_par' dir='ltr' id='par_1_1' title="bbox 514 771 1278 843">
     <span class='ocr_line' id='line_1_1' title="bbox 514 771 1278 843; baseline 0.005 -6"><span class='ocrx_word' id='word_1_1' title='bbox 514 787 624 839; x_wconf 81' lang='lat' dir='ltr'><strong>mana</strong></span> <span class='ocrx_word' id='word_1_2' title='bbox 647 787 907 839; x_wconf 78' lang='lat' dir='ltr'><strong>amnsvnssm.</strong></span> <span class='ocrx_word' id='word_1_3' title='bbox 1206 771 1278 843; x_wconf 83' lang='lat'><strong>245</strong></span> 
     </span>
    </p>
   </div>
   <div class='ocr_carea' id='block_1_2' title="bbox 139 983 1280 1175">
    <p class='ocr_par' dir='ltr' id='par_1_2' title="bbox 139 983 1280 1175">
     <span class='ocr_line' id='line_1_2' title="bbox 139 983 1280 1071; baseline 0.004 -13"><span class='ocrx_word' id='word_1_4' title='bbox 139 986 259 1058; x_wconf 78' lang='lat' dir='ltr'><strong>Pessi</strong></span> <span class='ocrx_word' id='word_1_5' title='bbox 284 1006 391 1058; x_wconf 81' lang='lat' dir='ltr'><strong>muso</strong></span> <span class='ocrx_word' id='word_1_6' title='bbox 412 1004 505 1056; x_wconf 80' lang='lat' dir='ltr'><strong>sans</strong></span> <span class='ocrx_word' id='word_1_7' title='bbox 527 983 664 1058; x_wconf 80' lang='lat' dir='ltr'><strong>Enmo¹</strong></span> <span class='ocrx_word' id='word_1_8' title='bbox 687 1006 729 1057; x_wconf 81' lang='lat' dir='ltr'><strong>m</strong></span> <span class='ocrx_word' id='word_1_9' title='bbox 751 985 926 1071; x_wconf 80' lang='lat' dir='ltr'><strong>Ssonsm,</strong></span> <span class='ocrx_word' id='word_1_10' title='bbox 954 986 1216 1061; x_wconf 60' lang='lat' dir='ltr'><strong>Licinniano&amp;</strong></span> <span class='ocrx_word' id='word_1_11' title='bbox 1238 1012 1280 1062; x_wconf 81' lang='lat' dir='ltr'><strong>m</strong></span> 
     </span>
     <span class='ocr_line' id='line_1_3' title="bbox 599 1122 820 1175; baseline 0.005 -3"><span class='ocrx_word' id='word_1_12' title='bbox 599 1122 820 1175; x_wconf 76' lang='lat' dir='ltr'><strong>casmenas.</strong></span> 
     </span>
    </p>
   </div>
   <div class='ocr_carea' id='block_1_3' title="bbox 138 1302 1279 2912">
    <p class='ocr_par' dir='ltr' id='par_1_3' title="bbox 138 1302 1279 2912">
     <span class='ocr_line' id='line_1_4' title="bbox 182 1302 1279 1398; baseline 0 -21"><span class='ocrx_word' id='word_1_13' title='bbox 182 1305 330 1379; x_wconf 73' lang='lat' dir='ltr'><strong>Montio</strong></span> <span class='ocrx_word' id='word_1_14' title='bbox 341 1304 424 1375; x_wconf 81' lang='lat' dir='ltr'><strong>Rex</strong></span> <span class='ocrx_word' id='word_1_15' title='bbox 436 1302 547 1376; x_wconf 85' lang='lat' dir='ltr'><strong>Galat</strong></span> <span class='ocrx_word' id='word_1_16' title='bbox 560 1302 734 1388; x_wconf 67' lang='lat' dir='ltr'><strong>Moment,</strong></span> <span class='ocrx_word' id='word_1_17' title='bbox 750 1303 843 1375; x_wconf 85' lang='lat' dir='ltr'><strong>lilius</strong></span> <span class='ocrx_word' id='word_1_18' title='bbox 859 1303 980 1389; x_wconf 75' lang='lat' dir='ltr'><strong>Hinel,</strong></span> <span class='ocrx_word' id='word_1_19' title='bbox 993 1306 1144 1377; x_wconf 83' lang='lat' dir='ltr'><strong>fiimavit</strong></span> <span class='ocrx_word' id='word_1_20' title='bbox 1154 1328 1279 1398; x_wconf 83' lang='lat' dir='ltr'><strong>paoem</strong></span> 
     </span>
     <span class='ocr_line' id='line_1_5' title="bbox 138 1418 1278 1518; baseline 0.002 -26"><span class='ocrx_word' id='word_1_21' title='bbox 138 1442 215 1492; x_wconf 92' lang='lat' dir='ltr'><strong>cmn</strong></span> <span class='ocrx_word' id='word_1_22' title='bbox 227 1422 388 1518; x_wconf 73' lang='lat' dir='ltr'><strong>Etgnino</strong></span> <span class='ocrx_word' id='word_1_23' title='bbox 403 1419 478 1491; x_wconf 86' lang='lat' dir='ltr'><strong>filio</strong></span> <span class='ocrx_word' id='word_1_24' title='bbox 494 1418 631 1504; x_wconf 84' lang='lat' dir='ltr'><strong>Gnriat,</strong></span> <span class='ocrx_word' id='word_1_25' title='bbox 643 1418 735 1515; x_wconf 67' lang='lat' dir='ltr'><strong>Regn‘</strong></span> <span class='ocrx_word' id='word_1_26' title='bbox 753 1419 972 1505; x_wconf 83' lang='lat' dir='ltr'><strong>Gneniscoit3</strong></span> <span class='ocrx_word' id='word_1_27' title='bbox 997 1422 1101 1493; x_wconf 89' lang='lat' dir='ltr'><strong>ambo</strong></span> <span class='ocrx_word' id='word_1_28' title='bbox 1119 1422 1278 1514; x_wconf 88' lang='lat' dir='ltr'><strong>jurantes</strong></span> 
     </span>
     <span class='ocr_line' id='line_1_6' title="bbox 138 1538 1277 1633; baseline 0.001 -24"><span class='ocrx_word' id='word_1_29' title='bbox 138 1560 239 1633; x_wconf 88' lang='lat' dir='ltr'><strong>snper</strong></span> <span class='ocrx_word' id='word_1_30' title='bbox 256 1538 424 1632; x_wconf 73' lang='lat' dir='ltr'><strong>reliquias</strong></span> <span class='ocrx_word' id='word_1_31' title='bbox 440 1544 649 1619; x_wconf 84' lang='lat' dir='ltr'><strong>sanctorum,</strong></span> <span class='ocrx_word' id='word_1_32' title='bbox 674 1538 878 1631; x_wconf 79' lang='lat' dir='ltr'><strong>antepositis</strong></span> <span class='ocrx_word' id='word_1_33' title='bbox 898 1538 1002 1609; x_wconf 86' lang='lat' dir='ltr'><strong>sacris</strong></span> <span class='ocrx_word' id='word_1_34' title='bbox 1018 1538 1213 1632; x_wconf 84' lang='lat' dir='ltr'><strong>evangeliis,</strong></span> <span class='ocrx_word' id='word_1_35' title='bbox 1235 1548 1277 1611; x_wconf 87' lang='lat' dir='ltr'><strong>ut</strong></span> 
     </span>
     <span class='ocr_line' id='line_1_7' title="bbox 140 1652 1276 1747; baseline -0.002 -20"><span class='ocrx_word' id='word_1_36' title='bbox 140 1656 244 1727; x_wconf 87' lang='lat' dir='ltr'><strong>simul</strong></span> <span class='ocrx_word' id='word_1_37' title='bbox 265 1661 428 1727; x_wconf 85' lang='lat' dir='ltr'><strong>tenerent</strong></span> <span class='ocrx_word' id='word_1_38' title='bbox 443 1661 567 1726; x_wconf 81' lang='lat' dir='ltr'><strong>contm</strong></span> <span class='ocrx_word' id='word_1_39' title='bbox 580 1652 793 1725; x_wconf 88' lang='lat' dir='ltr'><strong>Brachanios</strong></span> <span class='ocrx_word' id='word_1_40' title='bbox 807 1652 846 1723; x_wconf 91' lang='lat' dir='ltr'><strong>in</strong></span> <span class='ocrx_word' id='word_1_41' title='bbox 860 1654 1014 1725; x_wconf 80' lang='lat' dir='ltr'><strong>fraterna</strong></span> <span class='ocrx_word' id='word_1_42' title='bbox 1028 1676 1123 1747; x_wconf 84' lang='lat' dir='ltr'><strong>pace,</strong></span> <span class='ocrx_word' id='word_1_43' title='bbox 1141 1663 1178 1726; x_wconf 90' lang='lat' dir='ltr'><strong>et</strong></span> <span class='ocrx_word' id='word_1_44' title='bbox 1194 1678 1276 1726; x_wconf 90' lang='lat' dir='ltr'><strong>con-</strong></span> 
     </span>
     <span class='ocr_line' id='line_1_8' title="bbox 141 1768 1274 1865; baseline -0.001 -22"><span class='ocrx_word' id='word_1_45' title='bbox 141 1778 199 1843; x_wconf 80' lang='lat' dir='ltr'><strong>tra</strong></span> <span class='ocrx_word' id='word_1_46' title='bbox 212 1794 332 1844; x_wconf 91' lang='lat' dir='ltr'><strong>omnes</strong></span> <span class='ocrx_word' id='word_1_47' title='bbox 350 1772 512 1843; x_wconf 92' lang='lat' dir='ltr'><strong>inimicos</strong></span> <span class='ocrx_word' id='word_1_48' title='bbox 531 1792 619 1853; x_wconf 87' lang='lat' dir='ltr'><strong>snos,</strong></span> <span class='ocrx_word' id='word_1_49' title='bbox 636 1768 774 1864; x_wconf 82' lang='lat' dir='ltr'><strong>Anglos</strong></span> <span class='ocrx_word' id='word_1_50' title='bbox 791 1768 983 1865; x_wconf 88' lang='lat' dir='ltr'><strong>(videlicet)</strong></span> <span class='ocrx_word' id='word_1_51' title='bbox 1007 1792 1053 1841; x_wconf 85' lang='lat' dir='ltr'><strong>ex</strong></span> <span class='ocrx_word' id='word_1_52' title='bbox 1074 1794 1144 1842; x_wconf 89' lang='lat' dir='ltr'><strong>una</strong></span> <span class='ocrx_word' id='word_1_53' title='bbox 1164 1778 1274 1864; x_wconf 78' lang='lat' dir='ltr'><strong>peste,</strong></span> 
     </span>
     <span class='ocr_line' id='line_1_9' title="bbox 144 1885 1276 1981; baseline 0.001 -23"><span class='ocrx_word' id='word_1_54' title='bbox 144 1886 317 1959; x_wconf 76' lang='lat' dir='ltr'>dextrales</span> <span class='ocrx_word' id='word_1_55' title='bbox 330 1885 516 1960; x_wconf 74' lang='lat' dir='ltr'>Britannos</span> <span class='ocrx_word' id='word_1_56' title='bbox 527 1886 622 1958; x_wconf 89' lang='lat' dir='ltr'><strong>ultra</strong></span> <span class='ocrx_word' id='word_1_57' title='bbox 635 1894 819 1957; x_wconf 90' lang='lat' dir='ltr'><strong>montanos</strong></span> <span class='ocrx_word' id='word_1_58' title='bbox 835 1908 882 1957; x_wconf 87' lang='lat' dir='ltr'><strong>cx</strong></span> <span class='ocrx_word' id='word_1_59' title='bbox 897 1886 966 1959; x_wconf 87' lang='lat' dir='ltr'><strong>alia</strong></span> <span class='ocrx_word' id='word_1_60' title='bbox 981 1894 1090 1980; x_wconf 84' lang='lat' dir='ltr'><strong>parte,</strong></span> <span class='ocrx_word' id='word_1_61' title='bbox 1106 1894 1276 1981; x_wconf 76' lang='lat' dir='ltr'><strong>prasente</strong></span> 
     </span>
     <span class='ocr_line' id='line_1_10' title="bbox 143 2000 1276 2097; baseline 0.004 -25"><span class='ocrx_word' id='word_1_62' title='bbox 143 2000 314 2097; x_wconf 79' lang='lat' dir='ltr'><strong>Episcopo</strong></span> <span class='ocrx_word' id='word_1_63' title='bbox 323 2002 518 2087; x_wconf 76' lang='lat' dir='ltr'><strong>landasia,</strong></span> <span class='ocrx_word' id='word_1_64' title='bbox 530 2001 674 2096; x_wconf 85' lang='lat' dir='ltr'><strong>Joseph,</strong></span> <span class='ocrx_word' id='word_1_65' title='bbox 687 2011 725 2075; x_wconf 89' lang='lat' dir='ltr'><strong>et</strong></span> <span class='ocrx_word' id='word_1_66' title='bbox 736 2003 962 2095; x_wconf 80' lang='lat' dir='ltr'><strong>presentibus</strong></span> <span class='ocrx_word' id='word_1_67' title='bbox 978 2004 1134 2097; x_wconf 88' lang='lat' dir='ltr'><strong>pluribus</strong></span> <span class='ocrx_word' id='word_1_68' title='bbox 1146 2005 1190 2076; x_wconf 88' lang='lat' dir='ltr'><strong>do</strong></span> <span class='ocrx_word' id='word_1_69' title='bbox 1202 2027 1276 2077; x_wconf 92' lang='lat' dir='ltr'><strong>me·</strong></span> 
     </span>
     <span class='ocr_line' id='line_1_11' title="bbox 144 2116 1274 2215; baseline 0.006 -29"><span class='ocrx_word' id='word_1_70' title='bbox 144 2116 284 2191; x_wconf 87' lang='lat' dir='ltr'><strong>lioribns</strong></span> <span class='ocrx_word' id='word_1_71' title='bbox 304 2122 412 2215; x_wconf 78' lang='lat' dir='ltr'><strong>regni</strong></span> <span class='ocrx_word' id='word_1_72' title='bbox 463 2119 513 2192; x_wconf 88' lang='lat' dir='ltr'><strong>Et</strong></span> <span class='ocrx_word' id='word_1_73' title='bbox 536 2120 631 2191; x_wconf 80' lang='lat' dir='ltr'><strong>facta</strong></span> <span class='ocrx_word' id='word_1_74' title='bbox 648 2120 834 2212; x_wconf 89' lang='lat' dir='ltr'><strong>juratione,</strong></span> <span class='ocrx_word' id='word_1_75' title='bbox 860 2128 898 2191; x_wconf 89' lang='lat' dir='ltr'><strong>et</strong></span> <span class='ocrx_word' id='word_1_76' title='bbox 914 2121 1118 2192; x_wconf 83' lang='lat' dir='ltr'><strong>confirmato</strong></span> <span class='ocrx_word' id='word_1_77' title='bbox 1134 2122 1274 2206; x_wconf 87' lang='lat' dir='ltr'><strong>foedere,</strong></span> 
     </span>
     <span class='ocr_line' id='line_1_12' title="bbox 142 2234 1274 2333; baseline 0.003 -27"><span class='ocrx_word' id='word_1_78' title='bbox 142 2243 219 2326; x_wconf 82' lang='lat' dir='ltr'><strong>post</strong></span> <span class='ocrx_word' id='word_1_79' title='bbox 237 2237 462 2308; x_wconf 83' lang='lat' dir='ltr'><strong>intervallum</strong></span> <span class='ocrx_word' id='word_1_80' title='bbox 480 2234 671 2331; x_wconf 74' lang='lat' dir='ltr'><strong>temporis,³</strong></span> <span class='ocrx_word' id='word_1_81' title='bbox 688 2234 871 2307; x_wconf 87' lang='lat' dir='ltr'><strong>Momicus</strong></span> <span class='ocrx_word' id='word_1_82' title='bbox 891 2235 971 2307; x_wconf 84' lang='lat' dir='ltr'><strong>Rex</strong></span> <span class='ocrx_word' id='word_1_83' title='bbox 988 2238 1118 2333; x_wconf 89' lang='lat' dir='ltr'><strong>(potius</strong></span> <span class='ocrx_word' id='word_1_84' title='bbox 1132 2238 1274 2331; x_wconf 73' lang='lat' dir='ltr'><strong>pelp&#39;mii</strong></span> 
     </span>
     <span class='ocr_line' id='line_1_13' title="bbox 141 2349 1273 2447; baseline 0.002 -24"><span class='ocrx_word' id='word_1_85' title='bbox 141 2351 324 2446; x_wconf 77' lang='lat' dir='ltr'><strong>pasticeps)</strong></span> <span class='ocrx_word' id='word_1_86' title='bbox 337 2359 442 2446; x_wconf 88' lang='lat' dir='ltr'><strong>rupta</strong></span> <span class='ocrx_word' id='word_1_87' title='bbox 452 2376 539 2446; x_wconf 89' lang='lat' dir='ltr'><strong>pace</strong></span> <span class='ocrx_word' id='word_1_88' title='bbox 550 2349 623 2436; x_wconf 79' lang='lat' dir='ltr'><strong>sni,</strong></span> <span class='ocrx_word' id='word_1_89' title='bbox 640 2360 678 2423; x_wconf 92' lang='lat' dir='ltr'><strong>et</strong></span> <span class='ocrx_word' id='word_1_90' title='bbox 693 2354 731 2422; x_wconf 92' lang='lat' dir='ltr'><strong>in</strong></span> <span class='ocrx_word' id='word_1_91' title='bbox 746 2375 854 2423; x_wconf 90' lang='lat' dir='ltr'><strong>mann</strong></span> <span class='ocrx_word' id='word_1_92' title='bbox 871 2350 1034 2447; x_wconf 79' lang='lat' dir='ltr'>Episcopi</span> <span class='ocrx_word' id='word_1_93' title='bbox 1050 2350 1273 2438; x_wconf 74' lang='lat' dir='ltr'><strong>consolidati,</strong></span> 
     </span>
     <span class='ocr_line' id='line_1_14' title="bbox 142 2468 1274 2565; baseline 0.001 -27"><span class='ocrx_word' id='word_1_94' title='bbox 142 2469 229 2561; x_wconf 86' lang='lat' dir='ltr'><strong>cepit</strong></span> <span class='ocrx_word' id='word_1_95' title='bbox 244 2468 450 2565; x_wconf 82' lang='lat' dir='ltr'><strong>Elgninum,</strong></span> <span class='ocrx_word' id='word_1_96' title='bbox 476 2477 514 2542; x_wconf 86' lang='lat' dir='ltr'><strong>et</strong></span> <span class='ocrx_word' id='word_1_97' title='bbox 534 2469 573 2538; x_wconf 92' lang='lat' dir='ltr'><strong>in</strong></span> <span class='ocrx_word' id='word_1_98' title='bbox 588 2492 763 2540; x_wconf 84' lang='lat' dir='ltr'><strong>carcerem</strong></span> <span class='ocrx_word' id='word_1_99' title='bbox 785 2491 888 2540; x_wconf 89' lang='lat' dir='ltr'><strong>sunm</strong></span> <span class='ocrx_word' id='word_1_100' title='bbox 908 2470 1053 2540; x_wconf 89' lang='lat' dir='ltr'><strong>missum</strong></span> <span class='ocrx_word' id='word_1_101' title='bbox 1075 2470 1219 2541; x_wconf 86' lang='lat' dir='ltr'><strong>abstulit</strong></span> <span class='ocrx_word' id='word_1_102' title='bbox 1241 2470 1274 2540; x_wconf 92' lang='lat' dir='ltr'><strong>ei</strong></span> 
     </span>
     <span class='ocr_line' id='line_1_15' title="bbox 140 2585 1275 2677; baseline 0.001 -21"><span class='ocrx_word' id='word_1_103' title='bbox 140 2606 291 2677; x_wconf 79' lang='lat' dir='ltr'><strong>regnum,</strong></span> <span class='ocrx_word' id='word_1_104' title='bbox 309 2586 469 2657; x_wconf 89' lang='lat' dir='ltr'><strong>simulet</strong></span> <span class='ocrx_word' id='word_1_105' title='bbox 490 2586 610 2656; x_wconf 90' lang='lat' dir='ltr'><strong>lumen</strong></span> <span class='ocrx_word' id='word_1_106' title='bbox 631 2585 821 2668; x_wconf 88' lang='lat' dir='ltr'><strong>oculorum,</strong></span> <span class='ocrx_word' id='word_1_107' title='bbox 838 2586 990 2657; x_wconf 77' lang='lat' dir='ltr'>ducente</span> <span class='ocrx_word' id='word_1_108' title='bbox 1004 2585 1104 2656; x_wconf 90' lang='lat' dir='ltr'><strong>illum</strong></span> <span class='ocrx_word' id='word_1_109' title='bbox 1124 2586 1275 2657; x_wconf 87' lang='lat' dir='ltr'><strong>orbitate</strong></span> 
     </span>
     <span class='ocr_line' id='line_1_16' title="bbox 140 2700 1275 2795; baseline 0.001 -25"><span class='ocrx_word' id='word_1_110' title='bbox 140 2700 181 2770; x_wconf 86' lang='lat' dir='ltr'><strong>ad</strong></span> <span class='ocrx_word' id='word_1_111' title='bbox 201 2702 397 2773; x_wconf 82' lang='lat' dir='ltr'><strong>interitum</strong></span> <span class='ocrx_word' id='word_1_112' title='bbox 447 2701 498 2772; x_wconf 86' lang='lat' dir='ltr'><strong>Et</strong></span> <span class='ocrx_word' id='word_1_113' title='bbox 520 2709 707 2795; x_wconf 84' lang='lat' dir='ltr'><strong>postquam</strong></span> <span class='ocrx_word' id='word_1_114' title='bbox 730 2701 865 2771; x_wconf 79' lang='lat' dir='ltr'><strong>audivit</strong></span> <span class='ocrx_word' id='word_1_115' title='bbox 889 2700 1081 2794; x_wconf 79' lang='lat' dir='ltr'><strong>Episcopus</strong></span> <span class='ocrx_word' id='word_1_116' title='bbox 1105 2700 1275 2772; x_wconf 86' lang='lat' dir='ltr'><strong>violatum</strong></span> 
     </span>
     <span class='ocr_line' id='line_1_17' title="bbox 140 2816 1275 2912; baseline 0.001 -27"><span class='ocrx_word' id='word_1_117' title='bbox 140 2816 245 2889; x_wconf 84' lang='lat' dir='ltr'><strong>foedns</strong></span> <span class='ocrx_word' id='word_1_118' title='bbox 262 2817 449 2890; x_wconf 76' lang='lat' dir='ltr'><strong>maledixit</strong></span> <span class='ocrx_word' id='word_1_119' title='bbox 464 2840 584 2912; x_wconf 85' lang='lat' dir='ltr'><strong>regom</strong></span> <span class='ocrx_word' id='word_1_120' title='bbox 600 2817 769 2912; x_wconf 90' lang='lat' dir='ltr'><strong>iniquum,</strong></span> <span class='ocrx_word' id='word_1_121' title='bbox 786 2824 824 2889; x_wconf 88' lang='lat' dir='ltr'><strong>ot</strong></span> <span class='ocrx_word' id='word_1_122' title='bbox 839 2816 1088 2902; x_wconf 73' lang='lat' dir='ltr'><strong>malefactores,</strong></span> <span class='ocrx_word' id='word_1_123' title='bbox 1106 2826 1144 2889; x_wconf 91' lang='lat' dir='ltr'><strong>et</strong></span> <span class='ocrx_word' id='word_1_124' title='bbox 1160 2817 1275 2888; x_wconf 88' lang='lat' dir='ltr'><strong>conci-</strong></span> 
     </span>
    </p>
   </div>
   <div class='ocr_carea' id='block_1_4' title="bbox 138 2925 1342 3610">
    <p class='ocr_par' dir='ltr' id='par_1_4' title="bbox 138 2925 1342 3610">
     <span class='ocr_line' id='line_1_18' title="bbox 139 2925 1342 3028; baseline 0 -24"><span class='ocrx_word' id='word_1_125' title='bbox 139 2931 247 3006; x_wconf 79' lang='lat' dir='ltr'><strong>liarios</strong></span> <span class='ocrx_word' id='word_1_126' title='bbox 262 2958 329 3028; x_wconf 92' lang='lat' dir='ltr'><strong>pro</strong></span> <span class='ocrx_word' id='word_1_127' title='bbox 344 2935 439 3005; x_wconf 87' lang='lat' dir='ltr'><strong>facto</strong></span> <span class='ocrx_word' id='word_1_128' title='bbox 455 2935 614 3028; x_wconf 74' lang='lat' dir='ltr'><strong>peijnrio,</strong></span> <span class='ocrx_word' id='word_1_129' title='bbox 635 2943 673 3006; x_wconf 89' lang='lat' dir='ltr'><strong>ot</strong></span> <span class='ocrx_word' id='word_1_130' title='bbox 694 2934 897 3018; x_wconf 90' lang='lat' dir='ltr'><strong>homicidio;</strong></span> <span class='ocrx_word' id='word_1_131' title='bbox 923 2934 1098 3005; x_wconf 89' lang='lat' dir='ltr'><strong>advocatis</strong></span> <span class='ocrx_word' id='word_1_132' title='bbox 1115 2935 1274 3004; x_wconf 91' lang='lat' dir='ltr'><strong>omnibns</strong></span> <span class='ocrx_word' id='word_1_133' title='bbox 1340 2925 1342 2930; x_wconf 64' lang='grc'><strong>’</strong></span> 
     </span>
     <span class='ocr_line' id='line_1_19' title="bbox 139 3047 1273 3145; baseline 0.004 -27"><span class='ocrx_word' id='word_1_134' title='bbox 139 3047 267 3122; x_wconf 83' lang='lat' dir='ltr'><strong>clesiois</strong></span> <span class='ocrx_word' id='word_1_135' title='bbox 291 3050 403 3121; x_wconf 87' lang='lat' dir='ltr'><strong>totius</strong></span> <span class='ocrx_word' id='word_1_136' title='bbox 426 3050 598 3143; x_wconf 82' lang='lat' dir='ltr'><strong>parochiae</strong></span> <span class='ocrx_word' id='word_1_137' title='bbox 621 3051 714 3120; x_wconf 86' lang='lat' dir='ltr'><strong>intra</strong></span> <span class='ocrx_word' id='word_1_138' title='bbox 738 3047 884 3121; x_wconf 72' lang='lat' dir='ltr'><strong>ostium⁴</strong></span> <span class='ocrx_word' id='word_1_139' title='bbox 900 3049 1045 3145; x_wconf 74' lang='lat' dir='ltr'><strong>Taratyn</strong></span> <span class='ocrx_word' id='word_1_140' title='bbox 1068 3051 1106 3120; x_wconf 95' lang='lat' dir='ltr'><strong>in</strong></span> <span class='ocrx_word' id='word_1_141' title='bbox 1123 3049 1213 3145; x_wconf 84' lang='lat' dir='ltr'>Guy,</span> <span class='ocrx_word' id='word_1_142' title='bbox 1236 3059 1273 3122; x_wconf 90' lang='lat' dir='ltr'><strong>et</strong></span> 
     </span>
     <span class='ocr_line' id='line_1_20' title="bbox 140 3165 1274 3260; baseline 0.003 -26"><span class='ocrx_word' id='word_1_143' title='bbox 140 3166 263 3235; x_wconf 89' lang='lat' dir='ltr'><strong>ostium</strong></span> <span class='ocrx_word' id='word_1_144' title='bbox 278 3165 379 3260; x_wconf 71' lang='lat' dir='ltr'><strong>Tyui,</strong></span> <span class='ocrx_word' id='word_1_145' title='bbox 396 3166 489 3260; x_wconf 91' lang='lat' dir='ltr'><strong>apud</strong></span> <span class='ocrx_word' id='word_1_146' title='bbox 509 3165 733 3249; x_wconf 78' lang='lat' dir='ltr'><strong>Landaviam</strong></span> <span class='ocrx_word' id='word_1_147' title='bbox 763 3173 800 3237; x_wconf 90' lang='lat' dir='ltr'><strong>et</strong></span> <span class='ocrx_word' id='word_1_148' title='bbox 825 3165 1107 3238; x_wconf 87' lang='lat' dir='ltr'><strong>confirmantibus</strong></span> <span class='ocrx_word' id='word_1_149' title='bbox 1135 3174 1274 3238; x_wconf 88' lang='lat' dir='ltr'><strong>senten-</strong></span> 
     </span>
     <span class='ocr_line' id='line_1_21' title="bbox 139 3281 1272 3375; baseline 0.004 -24"><span class='ocrx_word' id='word_1_150' title='bbox 139 3281 224 3351; x_wconf 84' lang='lat' dir='ltr'><strong>tiam</strong></span> <span class='ocrx_word' id='word_1_151' title='bbox 235 3283 448 3354; x_wconf 89' lang='lat' dir='ltr'><strong>canonicam.</strong></span> <span class='ocrx_word' id='word_1_152' title='bbox 499 3281 580 3353; x_wconf 86' lang='lat' dir='ltr'><strong>Rex</strong></span> <span class='ocrx_word' id='word_1_153' title='bbox 595 3304 748 3375; x_wconf 90' lang='lat' dir='ltr'><strong>nequam</strong></span> <span class='ocrx_word' id='word_1_154' title='bbox 760 3282 880 3353; x_wconf 88' lang='lat' dir='ltr'><strong>videns</strong></span> <span class='ocrx_word' id='word_1_155' title='bbox 893 3282 1151 3354; x_wconf 78' lang='lat' dir='ltr'><strong>damnationem</strong></span> <span class='ocrx_word' id='word_1_156' title='bbox 1164 3307 1272 3372; x_wconf 84' lang='lat' dir='ltr'><strong>suam,</strong></span> 
     </span>
     <span class='ocr_line' id='line_1_22' title="bbox 138 3397 1275 3494; baseline 0.005 -28"><span class='ocrx_word' id='word_1_157' title='bbox 138 3405 177 3466; x_wconf 83' lang='lat' dir='ltr'><strong>et</strong></span> <span class='ocrx_word' id='word_1_158' title='bbox 199 3405 333 3469; x_wconf 77' lang='lat' dir='ltr'><strong>tantm</strong></span> <span class='ocrx_word' id='word_1_159' title='bbox 358 3399 755 3470; x_wconf 85' lang='lat' dir='ltr'><strong>excommunicationem</strong></span> <span class='ocrx_word' id='word_1_160' title='bbox 780 3397 922 3470; x_wconf 78' lang='lat' dir='ltr'><strong>sifferre</strong></span> <span class='ocrx_word' id='word_1_161' title='bbox 942 3421 1012 3469; x_wconf 94' lang='lat' dir='ltr'><strong>non</strong></span> <span class='ocrx_word' id='word_1_162' title='bbox 1033 3421 1142 3491; x_wconf 90' lang='lat' dir='ltr'><strong>posse,</strong></span> <span class='ocrx_word' id='word_1_163' title='bbox 1160 3405 1275 3494; x_wconf 87' lang='lat' dir='ltr'><strong>requi-</strong></span> 
     </span>
     <span class='ocr_line' id='line_1_23' title="bbox 140 3514 1274 3610; baseline 0.004 -27"><span class='ocrx_word' id='word_1_164' title='bbox 140 3514 224 3584; x_wconf 82' lang='lat' dir='ltr'><strong>sivit</strong></span> <span class='ocrx_word' id='word_1_165' title='bbox 238 3517 371 3587; x_wconf 87' lang='lat' dir='ltr'><strong>veniam</strong></span> <span class='ocrx_word' id='word_1_166' title='bbox 388 3516 483 3610; x_wconf 88' lang='lat' dir='ltr'><strong>apud</strong></span> <span class='ocrx_word' id='word_1_167' title='bbox 507 3515 732 3598; x_wconf 84' lang='lat' dir='ltr'><strong>Landaviam,</strong></span> <span class='ocrx_word' id='word_1_168' title='bbox 749 3522 787 3586; x_wconf 91' lang='lat' dir='ltr'><strong>et</strong></span> <span class='ocrx_word' id='word_1_169' title='bbox 811 3516 904 3610; x_wconf 90' lang='lat' dir='ltr'><strong>apud</strong></span> <span class='ocrx_word' id='word_1_170' title='bbox 929 3514 1056 3598; x_wconf 90' lang='lat' dir='ltr'><strong>Deum,</strong></span> <span class='ocrx_word' id='word_1_171' title='bbox 1081 3539 1145 3609; x_wconf 84' lang='lat' dir='ltr'><strong>per</strong></span> <span class='ocrx_word' id='word_1_172' title='bbox 1167 3519 1274 3588; x_wconf 86' lang='lat' dir='ltr'><strong>inter·</strong></span> 
     </span>
    </p>
   </div>
   <div class='ocr_carea' id='block_1_5' title="bbox 133 3630 1275 4428">
    <p class='ocr_par' dir='ltr' id='par_1_5' title="bbox 133 3630 1275 4428">
     <span class='ocr_line' id='line_1_24' title="bbox 138 3630 1274 3726; baseline 0 -24"><span class='ocrx_word' id='word_1_173' title='bbox 138 3631 325 3703; x_wconf 78' lang='lat' dir='ltr'><strong>cemionem</strong></span> <span class='ocrx_word' id='word_1_174' title='bbox 349 3631 520 3717; x_wconf 88' lang='lat' dir='ltr'><strong>Dubricii‚</strong></span> <span class='ocrx_word' id='word_1_175' title='bbox 545 3631 689 3716; x_wconf 64' lang='lat' dir='ltr'><strong>(loliani,</strong></span> <span class='ocrx_word' id='word_1_176' title='bbox 715 3641 753 3704; x_wconf 86' lang='lat' dir='ltr'><strong>ct</strong></span> <span class='ocrx_word' id='word_1_177' title='bbox 773 3631 941 3716; x_wconf 89' lang='lat' dir='ltr'><strong>Ondooei‚</strong></span> <span class='ocrx_word' id='word_1_178' title='bbox 967 3641 1004 3704; x_wconf 93' lang='lat' dir='ltr'><strong>et</strong></span> <span class='ocrx_word' id='word_1_179' title='bbox 1023 3630 1156 3726; x_wconf 91' lang='lat' dir='ltr'><strong>Joseph</strong></span> <span class='ocrx_word' id='word_1_180' title='bbox 1173 3631 1274 3726; x_wconf 88' lang='lat' dir='ltr'><strong>Epis-</strong></span> 
     </span>
     <span class='ocr_line' id='line_1_25' title="bbox 137 3747 1275 3841; baseline 0.001 -23"><span class='ocrx_word' id='word_1_181' title='bbox 137 3748 227 3840; x_wconf 88' lang='lat' dir='ltr'><strong>copi,</strong></span> <span class='ocrx_word' id='word_1_182' title='bbox 244 3756 281 3819; x_wconf 86' lang='lat' dir='ltr'><strong>et</strong></span> <span class='ocrx_word' id='word_1_183' title='bbox 295 3749 380 3820; x_wconf 88' lang='lat' dir='ltr'><strong>data</strong></span> <span class='ocrx_word' id='word_1_184' title='bbox 395 3749 461 3821; x_wconf 91' lang='lat' dir='ltr'><strong>sibi</strong></span> <span class='ocrx_word' id='word_1_185' title='bbox 478 3750 579 3820; x_wconf 91' lang='lat' dir='ltr'><strong>venia</strong></span> <span class='ocrx_word' id='word_1_186' title='bbox 597 3749 702 3820; x_wconf 90' lang='lat' dir='ltr'><strong>simul</strong></span> <span class='ocrx_word' id='word_1_187' title='bbox 723 3771 804 3820; x_wconf 89' lang='lat' dir='ltr'><strong>cum</strong></span> <span class='ocrx_word' id='word_1_188' title='bbox 823 3751 948 3841; x_wconf 89' lang='lat' dir='ltr'><strong>juncta</strong></span> <span class='ocrx_word' id='word_1_189' title='bbox 970 3749 1184 3841; x_wconf 83' lang='lat' dir='ltr'><strong>poenitentia,</strong></span> <span class='ocrx_word' id='word_1_190' title='bbox 1208 3747 1275 3819; x_wconf 86' lang='lat' dir='ltr'><strong>lar-</strong></span> 
     </span>
     <span class='ocr_line' id='line_1_26' title="bbox 135 3863 1273 3958; baseline 0 -23"><span class='ocrx_word' id='word_1_191' title='bbox 135 3865 229 3958; x_wconf 80' lang='lat' dir='ltr'><strong>gitus</strong></span> <span class='ocrx_word' id='word_1_192' title='bbox 245 3872 300 3936; x_wconf 87' lang='lat' dir='ltr'><strong>est</strong></span> <span class='ocrx_word' id='word_1_193' title='bbox 319 3865 359 3936; x_wconf 91' lang='lat' dir='ltr'><strong>in</strong></span> <span class='ocrx_word' id='word_1_194' title='bbox 375 3864 585 3937; x_wconf 85' lang='lat' dir='ltr'><strong>eleemosina</strong></span> <span class='ocrx_word' id='word_1_195' title='bbox 601 3864 689 3949; x_wconf 90' lang='lat' dir='ltr'><strong>Deo,</strong></span> <span class='ocrx_word' id='word_1_196' title='bbox 708 3875 745 3937; x_wconf 89' lang='lat' dir='ltr'><strong>et</strong></span> <span class='ocrx_word' id='word_1_197' title='bbox 766 3865 904 3938; x_wconf 82' lang='lat' dir='ltr'><strong>Sanctis</strong></span> <span class='ocrx_word' id='word_1_198' title='bbox 926 3864 1102 3948; x_wconf 88' lang='lat' dir='ltr'><strong>Dubricio‚</strong></span> <span class='ocrx_word' id='word_1_199' title='bbox 1120 3863 1273 3948; x_wconf 83' lang='lat' dir='ltr'><strong>Teliano,</strong></span> 
     </span>
     <span class='ocr_line' id='line_1_27' title="bbox 135 3979 1275 4077; baseline 0.001 -26"><span class='ocrx_word' id='word_1_200' title='bbox 135 3989 171 4050; x_wconf 87' lang='lat' dir='ltr'><strong>et</strong></span> <span class='ocrx_word' id='word_1_201' title='bbox 194 3979 375 4063; x_wconf 89' lang='lat' dir='ltr'><strong>Ondoceo‚</strong></span> <span class='ocrx_word' id='word_1_202' title='bbox 401 3989 439 4052; x_wconf 91' lang='lat' dir='ltr'><strong>et</strong></span> <span class='ocrx_word' id='word_1_203' title='bbox 462 3981 595 4077; x_wconf 86' lang='lat' dir='ltr'><strong>Joseph</strong></span> <span class='ocrx_word' id='word_1_204' title='bbox 619 3981 803 4077; x_wconf 89' lang='lat' dir='ltr'><strong>Episcopo,</strong></span> <span class='ocrx_word' id='word_1_205' title='bbox 828 3991 866 4054; x_wconf 88' lang='lat' dir='ltr'><strong>et</strong></span> <span class='ocrx_word' id='word_1_206' title='bbox 890 3981 1049 4052; x_wconf 91' lang='lat' dir='ltr'><strong>omnibus</strong></span> <span class='ocrx_word' id='word_1_207' title='bbox 1074 3980 1275 4073; x_wconf 87' lang='lat' dir='ltr'><strong>praesulibus</strong></span> 
     </span>
     <span class='ocr_line' id='line_1_28' title="bbox 135 4093 1274 4194; baseline -0.001 -27"><span class='ocrx_word' id='word_1_208' title='bbox 135 4093 320 4168; x_wconf 72' lang='lat' dir='ltr'><strong>landasia</strong></span> <span class='ocrx_word' id='word_1_209' title='bbox 350 4097 471 4170; x_wconf 88' lang='lat' dir='ltr'><strong>villam</strong></span> <span class='ocrx_word' id='word_1_210' title='bbox 499 4098 712 4194; x_wconf 87' lang='lat' dir='ltr'><strong>Pennipriso,</strong></span> <span class='ocrx_word' id='word_1_211' title='bbox 741 4100 778 4170; x_wconf 93' lang='lat' dir='ltr'><strong>id</strong></span> <span class='ocrx_word' id='word_1_212' title='bbox 807 4107 871 4182; x_wconf 85' lang='lat' dir='ltr'><strong>est,</strong></span> <span class='ocrx_word' id='word_1_213' title='bbox 901 4097 1005 4168; x_wconf 84' lang='lat' dir='ltr'><strong>difrin</strong></span> <span class='ocrx_word' id='word_1_214' title='bbox 1033 4097 1169 4180; x_wconf 89' lang='lat' dir='ltr'><strong>anouid,</strong></span> <span class='ocrx_word' id='word_1_215' title='bbox 1193 4119 1274 4166; x_wconf 93' lang='lat' dir='ltr'><strong>cum</strong></span> 
     </span>
     <span class='ocr_line' id='line_1_29' title="bbox 135 4212 1275 4300; baseline 0.001 -17"><span class='ocrx_word' id='word_1_216' title='bbox 135 4231 194 4283; x_wconf 86' lang='lat' dir='ltr'><strong>sna</strong></span> <span class='ocrx_word' id='word_1_217' title='bbox 216 4221 299 4284; x_wconf 87' lang='lat' dir='ltr'><strong>tota</strong></span> <span class='ocrx_word' id='word_1_218' title='bbox 327 4213 500 4300; x_wconf 75' lang='lat' dir='ltr'><strong>libertate</strong></span> <span class='ocrx_word' id='word_1_219' title='bbox 526 4225 564 4288; x_wconf 88' lang='lat' dir='ltr'><strong>et</strong></span> <span class='ocrx_word' id='word_1_220' title='bbox 588 4219 670 4289; x_wconf 81' lang='lat' dir='ltr'><strong>data</strong></span> <span class='ocrx_word' id='word_1_221' title='bbox 694 4218 789 4289; x_wconf 92' lang='lat' dir='ltr'><strong>omni</strong></span> <span class='ocrx_word' id='word_1_222' title='bbox 814 4215 1057 4288; x_wconf 89' lang='lat' dir='ltr'><strong>communione</strong></span> <span class='ocrx_word' id='word_1_223' title='bbox 1080 4212 1211 4298; x_wconf 83' lang='lat' dir='ltr'><strong>incolis,</strong></span> <span class='ocrx_word' id='word_1_224' title='bbox 1237 4214 1275 4284; x_wconf 94' lang='lat' dir='ltr'><strong>in</strong></span> 
     </span>
     <span class='ocr_line' id='line_1_30' title="bbox 133 4330 1274 4428; baseline 0.001 -28"><span class='ocrx_word' id='word_1_225' title='bbox 133 4348 255 4423; x_wconf 86' lang='lat' dir='ltr'><strong>campo</strong></span> <span class='ocrx_word' id='word_1_226' title='bbox 277 4338 316 4402; x_wconf 85' lang='lat' dir='ltr'><strong>et</strong></span> <span class='ocrx_word' id='word_1_227' title='bbox 335 4331 374 4402; x_wconf 92' lang='lat' dir='ltr'><strong>in</strong></span> <span class='ocrx_word' id='word_1_228' title='bbox 394 4331 498 4417; x_wconf 81' lang='lat' dir='ltr'><strong>silvis,</strong></span> <span class='ocrx_word' id='word_1_229' title='bbox 518 4334 556 4404; x_wconf 90' lang='lat' dir='ltr'><strong>in</strong></span> <span class='ocrx_word' id='word_1_230' title='bbox 576 4357 667 4426; x_wconf 89' lang='lat' dir='ltr'><strong>aqua</strong></span> <span class='ocrx_word' id='word_1_231' title='bbox 686 4342 724 4405; x_wconf 88' lang='lat' dir='ltr'><strong>et</strong></span> <span class='ocrx_word' id='word_1_232' title='bbox 743 4336 781 4405; x_wconf 92' lang='lat' dir='ltr'><strong>in</strong></span> <span class='ocrx_word' id='word_1_233' title='bbox 800 4334 944 4428; x_wconf 90' lang='lat' dir='ltr'><strong>pascuis,</strong></span> <span class='ocrx_word' id='word_1_234' title='bbox 963 4340 1000 4403; x_wconf 90' lang='lat' dir='ltr'><strong>et</strong></span> <span class='ocrx_word' id='word_1_235' title='bbox 1020 4331 1094 4403; x_wconf 88' lang='lat' dir='ltr'><strong>sine</strong></span> <span class='ocrx_word' id='word_1_236' title='bbox 1115 4330 1189 4402; x_wconf 88' lang='lat' dir='ltr'><strong>nllo</strong></span> <span class='ocrx_word' id='word_1_237' title='bbox 1205 4353 1274 4402; x_wconf 87' lang='lat' dir='ltr'><strong>ser-</strong></span> 
     </span>
    </p>
   </div>
   <div class='ocr_carea' id='block_1_6' title="bbox 132 4637 1274 4808">
    <p class='ocr_par' dir='ltr' id='par_1_6' title="bbox 132 4637 1274 4808">
     <span class='ocr_line' id='line_1_31' title="bbox 165 4637 1274 4729; baseline -0.001 -18"><span class='ocrx_word' id='word_1_238' title='bbox 165 4655 290 4711; x_wconf 80' lang='lat' dir='ltr'><strong>¹Elidoa.</strong></span> <span class='ocrx_word' id='word_1_239' title='bbox 317 4657 351 4713; x_wconf 87' lang='lat'><strong>0.</strong></span> <span class='ocrx_word' id='word_1_240' title='bbox 395 4658 601 4716; x_wconf 74' lang='lat' dir='ltr'><strong>²aannttmaoc.</strong></span> <span class='ocrx_word' id='word_1_241' title='bbox 619 4659 656 4715; x_wconf 89' lang='grc' dir='ltr'><strong>Ο.</strong></span> <span class='ocrx_word' id='word_1_242' title='bbox 699 4659 763 4716; x_wconf 73' lang='lat' dir='ltr'><strong>³Sic</strong></span> <span class='ocrx_word' id='word_1_243' title='bbox 781 4660 815 4716; x_wconf 93' lang='lat'><strong>0.</strong></span> <span class='ocrx_word' id='word_1_244' title='bbox 833 4637 953 4729; x_wconf 71' lang='lat' dir='ltr'><strong>imperis</strong></span> <span class='ocrx_word' id='word_1_245' title='bbox 970 4658 1050 4712; x_wconf 86' lang='lat' dir='ltr'><strong>deest.</strong></span> <span class='ocrx_word' id='word_1_246' title='bbox 1076 4657 1115 4713; x_wconf 92' lang='lat' dir='ltr'><strong>H.</strong></span> <span class='ocrx_word' id='word_1_247' title='bbox 1158 4655 1222 4712; x_wconf 68' lang='lat' dir='ltr'><strong>*Sic</strong></span> <span class='ocrx_word' id='word_1_248' title='bbox 1241 4655 1274 4710; x_wconf 91' lang='lat'><strong>0.</strong></span> 
     </span>
     <span class='ocr_line' id='line_1_32' title="bbox 132 4743 404 4808; baseline 0.026 -16"><span class='ocrx_word' id='word_1_249' title='bbox 132 4744 204 4808; x_wconf 78' lang='lat' dir='ltr'><strong>iasrc</strong></span> <span class='ocrx_word' id='word_1_250' title='bbox 221 4746 345 4798; x_wconf 70' lang='lat' dir='ltr'><strong>latiam</strong></span> <span class='ocrx_word' id='word_1_251' title='bbox 365 4743 404 4800; x_wconf 89' lang='lat' dir='ltr'><strong>H.</strong></span> 
     </span>
    </p>
   </div>
   <div class='ocr_carea' id='block_1_7' title="bbox 0 0 1730 5800">
    <p class='ocr_par' dir='ltr' id='par_1_7' title="bbox 0 0 1730 5800">
     <span class='ocr_line' id='line_1_33' title="bbox 0 0 1730 5800; baseline 0 2"><span class='ocrx_word' id='word_1_252' title='bbox 0 0 1730 5800; x_wconf 95' lang='lat' dir='ltr'><strong> </strong></span> 
     </span>
    </p>
   </div>
  </div>
 </body>
</html>
