3450 5800
565 800 673 855 mann
697 798 957 856 mnoavavsrs.
1286 783 1331 857 19

189 968 331 1042 Samson
348 972 615 1065 circumseptari
632 971 843 1043 densissimis
859 973 1115 1043 canditatorum
1140 972 1273 1055 turmis,
1295 981 1333 1043 et

188 1097 254 1157 tres
282 1088 444 1181 egregios
474 1087 668 1181 Episcopos
697 1088 951 1159 diadematibus
982 1095 1120 1158 ornatos
1153 1089 1266 1157 aureis
1295 1090 1332 1159 in

188 1204 310 1275 faciem
340 1205 408 1275 sibi
437 1206 609 1287 assistere,
639 1212 746 1297 atque
771 1228 852 1274 cum
880 1204 949 1275 illis
975 1204 1157 1276 ecelesiam
1186 1202 1330 1299 ingredi,

187 1329 223 1390 et
245 1344 355 1391 orare.
406 1318 570 1405 Quorum
595 1321 746 1403 nomina,
776 1342 989 1417 causamque
1009 1321 1181 1391 adventirs
1200 1343 1330 1401 eorum,

187 1437 361 1507 subtiliter
390 1445 429 1507 et
453 1436 634 1507 humiliter
662 1437 852 1527 requisivit.
905 1436 973 1507 cui
1001 1438 1161 1530 princeps
1190 1438 1331 1507 visionis

169 1552 286 1634 dixit,
313 1551 424 1645 “Ego
448 1574 528 1623 sum
554 1551 689 1635 Petrus,
717 1550 848 1623 Christi
874 1552 1059 1645 apostolus,
1089 1561 1127 1623 et
1151 1549 1224 1622 hio¹
1251 1560 1332 1622 sunt

189 1668 344 1738 “fratres
360 1666 530 1749 Domini,n
546 1666 572 1737 J
572 1670 700 1739 aeobus
721 1676 758 1739 et
774 1666 799 1737 J
800 1668 955 1739 ohannes
972 1667 1206 1762 Evangelista.
1258 1667 1331 1737 Do-

189 1783 336 1853 “minus
351 1781 455 1854 Jesus
472 1782 634 1855 Christus
644 1792 683 1854 te
694 1784 760 1854 sibi
777 1786 814 1854 in
826 1785 1010 1877 praesulem
1026 1779 1227 1877 praeelegit,³
1240 1792 1277 1853 et
1293 1791 1331 1853 te

189 1909 211 1938 “
220 1922 419 1970 consecrare
432 1922 496 1970 nos
512 1901 639 1970 misit.”
689 1897 824 1985 Quem⁴
837 1923 918 1970 cum
935 1901 1179 1971 benedictione
1196 1898 1330 1969 coelesti

187 2016 477 2098 confirmaverint,
504 2016 549 2087 ab
566 2016 676 2087 oeulis
692 2017 767 2108 ejus
784 2016 892 2109 elapsi
911 2024 1002 2087 sunt.
1054 2014 1218 2108 Episcopi
1236 2014 1332 2086 vero⁵

187 2132 230 2201 ad
247 2133 343 2202 diem
362 2133 565 2203 condictum
581 2133 770 2216 venientes,
798 2133 884 2203 duos
904 2154 1022 2204 secum
1040 2133 1249 2203 ordinandos
1271 2133 1330 2202 ad-

185 2248 355 2320 ducentes
371 2247 417 2319 ad
433 2248 603 2319 honorem
620 2247 758 2320 Sanctae
774 2248 955 2320 Trinitatis
971 2257 1043 2318 tres
1060 2249 1219 2319 ordinare
1236 2247 1331 2318 vole·

186 2364 283 2446 bant3
319 2366 385 2434 sed
419 2385 529 2458 quem
563 2364 732 2457 eligerent
765 2365 809 2435 ad
842 2364 909 2435 hoc
943 2366 1158 2459 ignorabant.
1211 2362 1246 2434 N
1251 2373 1330 2435 oete

184 2480 303 2572 itaque
332 2480 506 2573 sequenti,
536 2482 640 2551 beato
667 2480 835 2552 Dubricio
860 2481 1004 2575 angelus
1034 2479 1178 2551 Domini
1203 2483 1330 2564 astitit;

186 2597 286 2688 eique
309 2594 485 2667 Sanctum
508 2594 732 2673 Samsonem⁶
747 2598 792 2667 ad
813 2597 1036 2690 Episcopum,
1063 2597 1221 2666 ordinare
1245 2619 1332 2688 prae-

185 2713 288 2805 oepit
331 2711 468 2783 Beatus
481 2735 563 2782 vero
577 2710 765 2785 Dubricius
778 2736 848 2805 prae
860 2714 989 2808 gaudio
1002 2712 1168 2805 angelica
1180 2712 1330 2794 visionis,

184 2829 221 2897 in
239 2851 354 2898 unum
372 2830 557 2899 convenire
574 2829 659 2899 feeit
676 2828 799 2901 fratres
816 2828 1103 2925 congregationis,
1124 2834 1161 2897 et
1178 2836 1330 2911 ovantes,

71 2977 82 3002 ο
185 2945 278 3036 qnod
307 2946 356 3016 ab
378 2945 504 3039 angelo
526 2947 693 3028 audierat,
719 2948 881 3040 exposuit
905 2947 969 3030 eis3
999 2947 1188 3036 statimque
1212 2964 1332 3016 omnes

183 3060 420 3132 acclamantes
440 3059 520 3131 Deo
536 3063 664 3154 gratias
681 3071 837 3157 egerunt,
865 3085 1017 3156 eumque
1038 3085 1118 3131 cum
1139 3061 1272 3131 oaeteris
1295 3063 1332 3130 in

72 3267 76 3275 Ι
183 3176 353 3249 cathedris
370 3177 561 3269 episcopali
580 3177 848 3250 collocaverunt.
900 3178 1033 3250 Omnes
1054 3201 1136 3270 ergo
1153 3178 1213 3268 qui
1234 3178 1332 3247 ader-

183 3302 247 3363 ant
265 3293 468 3364 columbam
488 3293 628 3364 coehtos
644 3297 815 3378 emissam,
834 3318 1035 3388 supereum
1053 3296 1137 3365 dum
1154 3316 1332 3364 consecra·

185 3417 286 3478 retur
314 3409 544 3481 immobiliter
569 3419 661 3481 stare
689 3413 865 3484 videbant.
917 3411 1052 3482 Eadem
1080 3432 1232 3502 namque
1263 3411 1329 3493 die,

188 3523 323 3594 Sancto
339 3524 508 3597 Samsone
525 3538 758 3599 sacro-sancta
773 3530 966 3600 ministeria
982 3529 1189 3609 celebrante,
1208 3527 1332 3597 beatus

184 3637 379 3712 Dubricius
393 3665 475 3713 eum
501 3644 635 3714 duobus
660 3645 839 3716 monachis
865 3646 954 3715 vidit
978 3639 1219 3736 columpnam⁷
1242 3644 1332 3736 ignis

185 3755 237 3825 de
249 3779 311 3825 ore
323 3757 393 3849 ejus
403 3760 616 3831 oomscando
628 3763 825 3853 procedere.
876 3760 945 3832 Ille
962 3785 1044 3831 vero
1062 3761 1332 3850 omnitempore

185 3872 271 3942 vitae
299 3894 377 3955 suae,
410 3876 550 3968 quando
579 3878 721 3948 missam
751 3878 942 3949 celebravit
967 3875 1108 3969 angelos
1133 3875 1332 3944 assistentes

187 3986 337 4082 sibique⁸
359 3992 397 4059 in
421 3991 541 4062 altaris
566 3994 734 4064 sacrificio
759 3989 963 4066 servientes⁹
985 3993 1102 4062 videre
1129 3991 1330 4082 promeruit.

189 4102 348 4186 Quadam
379 4103 487 4177 vero¹⁰
515 4117 619 4178 nocte
643 4111 904 4182 resurrectionis
929 4104 1137 4180 dominioae¹¹
1165 4107 1332 4201 vigilante

190 4218 274 4290 illo¹²
301 4230 339 4292 et
366 4231 489 4295 orante
513 4225 552 4294 in
580 4227 727 4319 templo,
757 4227 902 4322 augelus
927 4225 1072 4296 Domini
1097 4247 1177 4294 oum
1206 4245 1333 4317 magna

226 4489 234 4520 ¹
246 4490 301 4546 Aur
308 4495 355 4548 tu
367 4493 402 4549 E.
438 4496 568 4550 ¹Deount
579 4513 657 4551 voces
668 4504 734 4550 runt
740 4499 845 4564 fratrea
854 4499 972 4566 Domini,
985 4502 1013 4552 et
1024 4503 1062 4551 est
1073 4497 1204 4568 scriptum
1215 4511 1264 4566 pro
1277 4493 1334 4547 istis

199 4577 285 4634 verbis.
304 4580 337 4635 0.
371 4584 530 4653 'Pereiapit
552 4584 586 4638 0.
620 4587 715 4651 *ραι
737 4583 772 4639 Ο.
806 4584 986 4639 ⁸AuteoaO.
1021 4583 1086 4638 ‘Sic
1104 4583 1138 4638 0.
1155 4584 1272 4634 Summa.
1292 4579 1332 4632 Η.

198 4659 264 4717 'Pro
283 4668 438 4724 mmmm.
481 4669 665 4738 ‘Qroedeest-
689 4669 724 4725 Ο.
768 4669 1095 4726 wassemberc.
1140 4669 1273 4720 ¹⁰Autem.
1298 4665 1331 4718 0.

197 4744 327 4810 ”Dim
348 4756 383 4811 ο.
423 4756 503 4809 ”ruo
519 4755 604 4811 usar.
621 4755 657 4811 0.

752 4865 778 4916 D
