3450 5800
416 792 464 861 90
787 809 895 860 arnan
919 809 1176 864 manavimus

416 972 628 1065 Episcopum
640 976 803 1053 vestrum,
816 968 981 1066 benigne¹
994 975 1220 1068 suscepimus;
1242 986 1279 1048 et
1291 984 1547 1074 oppressionem

416 1096 537 1159 vestrae
561 1086 715 1157 ecclesiae
740 1086 929 1170 audientes,
959 1089 1078 1161 debita
1107 1092 1141 1161 ei
1169 1092 1351 1167 affectione
1380 1103 1550 1193 compassi

416 1226 547 1287 sumus3
573 1202 743 1295 siquidem
760 1202 947 1272 insinuavit
962 1204 1063 1276 nobis
1078 1215 1225 1279 matrem
1242 1220 1394 1283 vestram
1411 1213 1549 1287 Lenda-

416 1341 557 1391 vensem
566 1318 749 1389 ecclesiam
756 1339 865 1409 usque
875 1316 1234 1394 adeo2m0nachorum
1244 1329 1468 1419 qnorvmdam,
1478 1332 1549 1404 cle-

415 1436 574 1518 ricorum,
596 1456 731 1504 necnon
748 1440 785 1503 et
806 1433 973 1503 laicorum
994 1435 1227 1511 invasionibus
1243 1451 1280 1513 et
1300 1446 1428 1537 rapinis
1447 1450 1547 1519 attri-

414 1560 497 1635 tam,
511 1550 602 1621 utin
617 1572 660 1619 ea
673 1547 865 1641 Episcopus
876 1572 1017 1621 manere
1030 1553 1089 1622 vix
1100 1556 1219 1647 possit.
1270 1558 1374 1642 Quod
1389 1564 1546 1655 profecto

415 1675 452 1738 ct
464 1667 563 1738 nobis
574 1688 679 1760 grave
695 1671 758 1748 est,
776 1672 813 1735 et
830 1666 873 1735 ad
890 1666 1098 1737 vestrarum³
1113 1680 1248 1763 spectat
1264 1676 1458 1766 periculum
1473 1680 1548 1750 ani.

412 1806 557 1854 marum.
609 1780 776 1854 Vestram
803 1780 921 1873 itaque
946 1784 1209 1857 universitatem
1233 1789 1343 1863 literis
1366 1798 1546 1887 prasenti·

413 1900 478 1971 bus
491 1899 678 1980 visitantes,
691 1918 883 1979 monemus,
896 1904 1003 1990 atque
1018 1902 1234 1995 praecipimus
1254 1914 1295 1977 ut
1311 1912 1462 1982 eundem
1477 1913 1547 1983 fra·

413 2024 503 2085 trem
519 2023 676 2085 nostrum
692 2012 875 2083 affectione
887 2012 1005 2085 debita
1018 2016 1177 2111 diligatis,
1191 2028 1229 2090 et
1240 2022 1395 2096 debitam
1408 2028 1441 2097 ei
1454 2030 1547 2122 (tan-

413 2152 518 2223 quam
533 2129 623 2222 patri
640 2137 677 2199 et
699 2128 827 2221 pastori
844 2127 972 2220 vestro)
995 2135 1224 2205 reverentiam
1250 2146 1288 2208 et
1309 2141 1545 2215 obedientiam

413 2246 630 2338 impendatis.
673 2242 781 2314 Porro
794 2246 1013 2317 commissam
1025 2247 1091 2319 sibi
1103 2252 1295 2338 ecclesiam,
1308 2265 1457 2329 matrem
1468 2284 1546 2332 ves-

413 2370 514 2445 tram,
528 2358 634 2431 sicut*
645 2358 728 2431 boni
745 2358 807 2429 filii
824 2361 995 2453 adjuvare,
1009 2371 1047 2433 et
1063 2365 1196 2438 ablatas
1211 2369 1244 2439 ei
1260 2376 1490 2463 possessiones
1506 2387 1548 2449 et

414 2477 506 2548 bona
526 2498 738 2569 recuperare,
760 2478 951 2547 secundnm
967 2479 1086 2551 datam
1101 2483 1199 2555 vobis
1221 2510 1243 2556 a
1264 2485 1419 2561 Domino
1435 2492 1547 2564 facul-

413 2600 524 2664 tatem
540 2592 686 2662 viriliter
702 2592 880 2676 studeatis,
897 2593 973 2665 aliis
990 2618 1127 2689 quoque
1139 2598 1293 2673 ecclesiis
1309 2602 1546 2680 Landavensis

412 2709 583 2803 parochiae
599 2708 718 2779 debita
736 2707 970 2801 persolventes
986 2712 1206 2785 revelationis
1228 2725 1265 2787 et
1286 2725 1546 2797 restaurationis

412 2826 462 2897 eis
478 2846 621 2897 manum
634 2845 807 2918 apponere
820 2824 1042 2918 procuretis3⁶
1057 2851 1121 2922 per
1134 2828 1202 2902 hoc
1217 2833 1321 2918 enim,
1334 2843 1372 2907 et
1387 2842 1546 2935 omnipo-

409 2943 516 3013 tentis
533 2939 602 3012 Dei
622 2941 912 3024 benedictionem,
930 2950 967 3012 et
987 2945 1136 3037 gratiam
1152 2956 1189 3017 et
1210 2951 1449 3026 remissionem
1464 2981 1544 3030 ves-

410 3066 543 3128 trorum
568 3056 825 3147 consequemini
852 3065 1083 3149 peccatorum.
1140 3061 1223 3133 Dat.
1248 3064 1420 3154 Suesscni,
1448 3093 1543 3145 xvn.

410 3173 472 3243 cal.
492 3169 600 3243 ch.⁶

498 3435 599 3506 Para
615 3453 802 3506 sncuuntm
819 3436 1007 3510 Osarxrus
1023 3460 1064 3511 nv
1081 3442 1257 3516 concrum
1276 3446 1453 3523 Rnnnusu

458 3637 546 3722 Qnae
567 3643 764 3706 sanctorum
780 3643 921 3730 patrum
937 3641 1170 3713 sanctionibus
1186 3645 1230 3714 de
1250 3649 1421 3739 pravitate
1438 3655 1545 3726 simo-

408 3753 507 3824 niaca
522 3746 692 3823 stabilita⁷
707 3759 797 3834 sunt,
815 3775 878 3824 nos
894 3775 1032 3847 quoque
1049 3754 1199 3849 Spiritvis
1216 3759 1336 3833 Sancti
1347 3765 1490 3857 judicic,
1504 3782 1544 3844 et

410 3867 617 3940 auctoritate
633 3867 944 3960 sedisapostolicae,
961 3872 1213 3946 confirmamus.

458 3984 488 4054 I.
515 3983 633 4076 Siquis
645 3979 742 4054 verc⁸
754 3985 952 4071 venditarit,
969 3996 1031 4058 aut
1047 3991 1180 4074 emerit,
1194 3992 1250 4063 vel
1265 4017 1328 4087 per
1343 4019 1390 4083 se,
1409 4000 1464 4071 vel
1479 4025 1545 4095 per

445 4220 509 4276 ¹Sic
521 4220 554 4274 0.
566 4222 681 4289 beneque.
694 4220 732 4274 H.
767 4220 866 4277 uuo.
879 4221 911 4276 0.
948 4223 1054 4279 ³SicO.
1065 4233 1223 4282 nostrornm.
1237 4229 1275 4284 Η.
1309 4231 1379 4287 *Sic
1391 4233 1425 4287 Ο.
1459 4237 1545 4292 ὕδια-

407 4310 496 4362 dcctic.
515 4305 548 4360 Ο.
582 4305 636 4360 ⁰16
648 4306 780 4376 Octobris,
798 4308 876 4362 ab.
891 4311 969 4364 1119.
1004 4311 1141 4367 ⁷8tobt'1its'.
1160 4313 1193 4368 Ο.
1226 4315 1404 4373 ⁸Notandnm
1415 4325 1545 4392 estquod

408 4393 530 4448 canones
542 4390 655 4446 concilii
666 4391 806 4448 Remensis
816 4410 834 4447 a
844 4393 967 4465 labbeo,
984 4398 1137 4468 ceterisque
1148 4400 1177 4453 in
1188 4399 1276 4456 lucem
1287 4403 1353 4473 dati,
1369 4405 1494 4477 plurimis
1511 4411 1545 4466 in

407 4479 474 4534 locis
488 4477 646 4548 discrepant,
663 4483 725 4542 tum
737 4480 829 4534 ordine
840 4481 994 4550 verborum,
1012 4487 1074 4538 tum
1092 4503 1199 4556 qnoque
1210 4489 1354 4544 verborum
1365 4493 1494 4549 varietate
1505 4497 1545 4551 ab

408 4563 557 4636 exemplari
573 4564 645 4633 quod
662 4581 753 4620 secum
770 4565 865 4621 retulit
882 4566 1011 4622 Urbanus
1031 4569 1180 4644 Episcopus
1199 4573 1545 4654 Lnndavensisevulgatn

406 4651 486 4706 lectio
497 4649 579 4705 habet
589 4651 676 4719 siquo
686 4668 761 4721 στρος
779 4669 842 4707 nam
854 4653 1059 4724 prefatiuncula
1070 4675 1152 4727 quam
1164 4659 1275 4717 exbibet
1285 4663 1370 4720 codex
1382 4665 1545 4723 bardaren-

407 4736 656 4809 sispsrsestprimi
667 4739 1032 4812 canonbintextuvnlgari.
1049 4742 1083 4798 B.
1349 4785 1352 4790 -
