3450 5800
421 800 467 872 78
791 817 901 869 arnna
924 817 1183 869 anunsvnrvsrs.

472 985 539 1057 IV.
566 984 656 1055 Cum
673 987 795 1057 beatus
807 988 860 1056 vir
876 983 1022 1055 clareret
1038 984 1076 1052 in
1092 982 1250 1053 doctrina
1265 983 1389 1079 largita
1405 984 1480 1066 sibi,
1494 1008 1557 1055 no-

424 1102 485 1174 bili
503 1102 682 1194 parentela
693 1102 796 1173 simul
808 1110 845 1171 et
856 1102 992 1194 patenti
1004 1100 1174 1182 facundia,
1187 1102 1296 1170 crevit
1308 1102 1346 1170 in
1357 1102 1471 1193 patria
1482 1102 1558 1193 ejus

423 1216 554 1301 virtus,1
571 1219 680 1289 crevit
696 1217 824 1311 populo
840 1217 988 1311 paradisi
1009 1216 1185 1299 introitum
1211 1240 1292 1287 cum
1311 1217 1409 1288 labor
1425 1240 1559 1288 cresce-

424 1335 485 1406 bat
505 1336 542 1403 in
560 1358 711 1427 corpore,
737 1333 815 1427 plus
834 1332 1010 1427 gaudebat
1033 1354 1096 1425 pro
1112 1340 1212 1403 tanto
1229 1356 1342 1415 onere,
1368 1342 1559 1426 expectans

426 1451 688 1521 retributionem
706 1451 741 1519 in
758 1450 847 1521 atrio
860 1448 1009 1519 coelestis
1021 1448 1150 1540 patria.
1202 1447 1421 1519 Sanabantur
1437 1450 1559 1543 aegroti

425 1568 499 1660 ejus
523 1566 646 1637 manias
670 1567 899 1659 impositione,
927 1565 1136 1635 curabantur
1160 1587 1181 1634 a
1203 1564 1388 1657 multiplici
1413 1574 1560 1659 agrota-

426 1686 534 1766 tione;
560 1692 597 1753 et
619 1691 660 1753 ut
684 1682 848 1775 quiddam
870 1682 914 1751 de
934 1680 1055 1750 multis
1078 1703 1245 1761 enarrem,
1272 1681 1325 1751 vir
1349 1682 1462 1752 beatae
1482 1705 1560 1752 me-

423 1800 540 1869 moriae
558 1798 744 1869 Dubricius
756 1797 909 1869 visitavit
925 1796 1041 1866 locum
1056 1797 1151 1867 beati
1169 1795 1287 1880 Ilduti‚
1301 1804 1458 1891 tempore
1474 1821 1562 1890 qua-

425 1916 652 2009 dragesimali,
669 1923 711 1985 ut
723 1938 799 2006 quoe
812 1914 1029 1985 emendanda
1045 1920 1144 1983 orant
1161 1913 1357 2006 corrigeret,
1370 1924 1408 1984 et
1419 1936 1561 1985 servan-

425 2033 470 2102 da
490 2031 728 2101 consolidaret.
780 2029 917 2100 Ibidem
934 2028 1028 2099 enim
1048 2028 1152 2098 multi
1172 2030 1378 2100 sanctissimi
1394 2030 1457 2099 viri
1475 2052 1560 2100 con-

425 2148 657 2227 versabantur,
675 2144 777 2215 multi
790 2145 940 2236 quodam
956 2144 1064 2214 livore
1077 2141 1239 2237 decepti,²
1250 2146 1343 2215 inter
1354 2168 1439 2237 quos
1451 2145 1561 2216 frater

426 2262 574 2332 Samson
588 2263 787 2332 morabatur
798 2260 890 2331 filius
909 2259 1043 2343 Amon3
1061 2262 1120 2352 qui
1136 2262 1263 2332 meruit
1276 2263 1320 2332 ab
1333 2263 1456 2333 eodem
1472 2286 1562 2356 prae-

425 2379 519 2448 dicto
535 2386 643 2470 patre,
667 2378 723 2447 die
745 2400 814 2447 suae
831 2378 1054 2475 ordinationis
1070 2378 1162 2469 apud
1182 2378 1301 2448 sedem
1317 2378 1561 2471 episcopalem,

424 2493 625 2565 diaconatus
635 2494 755 2586 primo,
767 2492 1031 2586 praesbyteratus
1041 2494 1201 2575 secundo,
1212 2494 1433 2586 pontificatis
1442 2496 1561 2577 tertio,

425 2618 466 2679 ut
482 2610 562 2681 alba
577 2610 738 2681 columba
758 2611 795 2679 in
812 2609 926 2703 capite
942 2632 1005 2679 suo
1022 2609 1255 2691 descenderet,
1273 2633 1349 2702 quae
1365 2610 1439 2680 visa
1454 2610 1522 2681 fuit
1537 2634 1564 2681 a

425 2728 528 2797 beato
541 2722 822 2819 Archiepiscopo,
840 2735 878 2797 et
893 2727 937 2796 ab
950 2723 1094 2796 Abbate
1107 2724 1235 2809 Ildum,
1252 2727 1364 2818 spatio
1380 2734 1456 2797 toto
1468 2727 1564 2797 ordi·

425 2842 573 2914 nationis
589 2866 667 2914 suae.
719 2840 854 2913 Domus
871 2842 965 2913 beati
982 2840 1092 2912 Ilduti
1109 2842 1218 2914 divisa
1239 2843 1330 2913 inter
1350 2842 1481 2926 fratres,
1508 2844 1565 2915 di-

426 2961 574 3051 visaeque
590 2983 644 3031 res
661 2959 901 3030 ecclesiastica
921 2968 1025 3050 prout
1041 2959 1228 3050 unicuique
1243 2982 1330 3051 opus
1346 2968 1430 3042 erat,
1456 2960 1565 3030 divis-

426 3099 515 3167 aque
537 3077 728 3146 ministeria
750 3074 926 3158 fratribus3
953 3075 1150 3144 obedientia
1167 3075 1309 3166 quidem
1325 3075 1455 3146 cellarii
1477 3099 1564 3146 con-

427 3211 522 3257 cessa
538 3197 592 3257 est
610 3212 631 3257 a
648 3185 918 3280 postulatoribus
941 3186 1020 3268 suis
1043 3187 1147 3256 beato
1164 3184 1333 3270 Samsoni,
1358 3189 1418 3280 qui
1439 3188 1496 3258 die
1518 3213 1564 3260 ac

428 3311 530 3372 nocto
542 3304 587 3374 ad
603 3303 845 3372 sufficientiam
862 3301 1034 3372 serviebat
1051 3301 1153 3384 clero,
1170 3301 1308 3372 verum³
1323 3303 1430 3373 etiam
1446 3303 1565 3396 place-

427 3419 488 3488 bat
505 3419 679 3488 communi
696 3417 836 3511 populo.

478 3533 526 3605 V.
541 3534 700 3618 Quadam
710 3534 775 3616 die,
787 3556 868 3603 cum
881 3534 997 3603 omnia
1008 3534 1133 3625 pocula
1145 3543 1345 3628 erogaverat
1356 3534 1565 3628 hospitibus,

429 3653 603 3722 evacuatis
619 3651 749 3722 cellarii
766 3648 921 3721 vasibus⁴
937 3650 1105 3733 omnibus,
1127 3659 1164 3721 et
1182 3652 1227 3722 ob
1248 3659 1383 3723 tantam
1403 3652 1567 3724 laetitiam

429 3767 599 3839 adventis
616 3769 746 3838 domini
770 3766 935 3848 Dubritii,
959 3775 996 3836 et
1018 3766 1156 3837 familiar
1179 3791 1258 3850 sna,
1273 3767 1490 3861 propalatum
1506 3781 1568 3840 est

428 3884 565 3954 cuidam
583 3884 761 3966 invidenti,
779 3885 871 3975 quod
888 3882 1047 3954 cellarius
1069 3883 1226 3954 funditus
1243 3884 1480 3955 devastaverat
1500 3909 1569 3977 po-

429 4009 500 4083 tus;
526 4023 606 4070 nam
622 4001 696 4093 ipso
712 4001 806 4070 idem
822 4001 954 4092 potitus
971 3999 1084 4069 irrorat
1100 4001 1221 4069 eadem
1234 4000 1440 4083 obedientia,
1453 4009 1490 4070 et
1503 4003 1571 4072 ab·

431 4114 502 4186 lata
518 4117 583 4186 sibi
603 4117 779 4188 invidebat
799 4117 897 4187 fratri
914 4116 1083 4198 samsoni,
1109 4139 1170 4208 pro
1187 4139 1249 4186 sua
1267 4138 1374 4186 manu
1395 4117 1568 4210 largitlua

433 4229 583 4303 Audita⁵
605 4233 670 4302 sibi
687 4233 961 4328 congregationis
977 4233 1258 4314 murmuratione,
1280 4233 1378 4302 venit
1393 4233 1437 4302 ad
1455 4231 1570 4303 Sanc-

432 4355 509 4436 tpm
522 4347 737 4433 Dubricium,
751 4350 956 4420 erubescens
967 4372 1030 4441 pro
1042 4357 1142 4419 tanto
1154 4370 1339 4432 mmmure,
1353 4350 1572 4424 denuncians

429 4755 622 4824 licoredompti.
641 4755 674 4810 Ο.
709 4759 821 4826 ³Atque.
840 4759 873 4815 Ο.
908 4761 973 4816 ⁴Sic
985 4761 1018 4815 0.
1035 4764 1112 4815 turia
1132 4760 1168 4814 H.
1203 4760 1421 4821 rsicomdr'a.
1440 4760 1477 4815 ll.
