3450 5800
539 812 645 862 arnan
671 813 931 864 nnvnrvavsrs
1235 796 1306 867 109
1402 827 1406 833 ·

47 959 48 986 ³
163 977 274 1060 rinae,
299 977 419 1060 tum,
439 976 577 1062 uidene
597 977 765 1061 numm,
779 979 916 1073 rynel,
931 978 1127 1062 ouooeeus,
1145 989 1182 1050 et
1198 979 1303 1049 murti

162 1091 212 1164 alii
224 1093 399 1187 discipuli,
413 1103 456 1164 ut
469 1117 549 1165 eum
565 1095 727 1177 moribus,
742 1104 778 1166 et
791 1093 950 1167 doctrinis
965 1097 1194 1167 imitarentur.
1246 1093 1303 1164 De

164 1210 278 1301 quibus
292 1209 518 1282 Hismaelem
529 1213 743 1282 consecravit
759 1213 795 1281 in
809 1210 1031 1306 Episcopum,
1045 1214 1189 1282 mittens
1201 1209 1302 1280 illum

163 1325 462 1397 adcensulendum
471 1324 651 1398 ecclesiam
663 1326 898 1410 Minuensem‚
909 1329 1028 1421 etjam
1039 1329 1303 1420 viduatampas-

162 1451 245 1525 tore;
269 1467 351 1512 nam
375 1441 527 1513 Sanctus
550 1442 665 1513 David
687 1441 748 1514 ad¹
770 1442 963 1514 Dominum
982 1445 1199 1538 migraverat.
1251 1442 1300 1513 Et

163 1558 285 1628 multos
304 1559 392 1629 alios
412 1559 568 1652 ejusdem
590 1560 726 1630 ordinis
741 1559 841 1641 viros,
864 1560 1024 1630 similiter
1044 1560 1243 1631 sublimavit
1263 1560 1300 1628 in

165 1675 403 1767 episcopatum,
426 1676 575 1746 mittens
596 1674 675 1746 illos
697 1699 760 1768 per
779 1676 938 1768 patriam,
961 1677 1184 1768 dividensque
1202 1699 1300 1768 paro-

169 1791 260 1861 chias
278 1793 347 1874 sibi,
369 1793 414 1862 ad
438 1793 734 1885 opportunitatem
759 1792 842 1862 oleri
862 1801 900 1863 et
919 1792 1048 1884 populi.
1101 1791 1209 1862 Nunc
1225 1815 1301 1883 quae

169 1907 290 1999 scripto
305 1909 537 2002 cognovimus,
560 1909 655 1979 facta
670 1932 733 2001 per
754 1931 836 1979 eum
857 1908 1033 1990 miracula,
1056 1931 1100 1978 ea
1120 1906 1239 1991 literis,
1263 1917 1300 1978 et

168 2026 330 2094 memoriae
341 2025 635 2096 commendamus
689 2023 785 2094 Nam
798 2024 945 2094 tacendo
963 2022 1032 2095 Dei
1049 2033 1087 2094 et
1103 2033 1301 2094 sanctorum

165 2140 319 2210 virtutem
342 2143 499 2234 graviter
518 2137 782 2233 delinquimus;²
806 2140 1023 2234 praedicando
1046 2162 1127 2210 vero
1150 2163 1299 2233 congau-

163 2255 285 2327 demus.
337 2255 507 2328 Habebat
520 2259 659 2350 quidem
673 2266 743 2328 tres
756 2257 972 2340 summarios3
990 2264 1027 2327 et
1040 2255 1136 2325 nullo
1149 2256 1299 2326 ducente

162 2395 214 2443 cos
235 2374 333 2444 ibant
357 2375 402 2444 ad
425 2373 557 2457 silvam,
581 2375 714 2445 onerati
734 2397 756 2444 a
776 2373 967 2468 lignatoriis
987 2373 1058 2443 suis
1078 2372 1237 2442 redibunt
1253 2372 1298 2441 si·

160 2489 227 2558 mili
249 2487 374 2560 m0d0³
390 2491 465 2560 sina
481 2488 597 2582 aliquo
615 2491 778 2573 ducente3
803 2498 840 2561 et
857 2490 907 2560 sic
924 2489 1118 2560 serviebant
1136 2487 1297 2558 fratribus

162 2604 334 2698 quotidie.⁴
386 2605 520 2677 Dicunt
531 2604 641 2677 enim⁶
654 2605 754 2676 illum
766 2607 986 2677 resuscitasse
996 2612 1183 2686 mortuum,
1195 2627 1297 2696 super

31 2775 32 2790 .
161 2724 296 2794 fluvium
314 2723 439 2806 Coum,
457 2723 597 2794 nomine
614 2722 799 2794 Distinnic.
851 2721 1054 2812 Dicuntque
1069 2718 1297 2812 paralyticum

30 2863 31 2894 ³
160 2840 351 2912 inecclesia
374 2839 486 2923 Radh,
513 2863 628 2911 coram
649 2839 744 2911 omni
764 2837 894 2933 populo
915 2837 960 2908 ab
980 2861 1023 2908 eo
1044 2843 1213 2917 sanatum,
1239 2834 1296 2903 die

161 2958 339 3041 dominica3
366 2966 404 3028 et
417 2980 623 3049 quocunque
640 2955 758 3027 dolore
776 2955 1032 3049 aegrotabantur
1047 2951 1184 3033 infirmi,
1199 2973 1296 3020 cura·

162 3074 279 3143 bantm
295 3074 371 3166 ejus
391 3072 515 3143 maniis
535 3072 764 3166 impositione.
817 3070 876 3140 Illi
893 3094 974 3141 vero
991 3070 1051 3161 qui
1072 3068 1223 3159 aliquam
1245 3065 1296 3135 in-

154 3188 275 3280 juriam
296 3190 361 3260 sibi
382 3189 565 3271 faciebant,
587 3197 649 3259 aut
667 3189 727 3258 diu
743 3186 993 3269 cruciabantur,
1015 3194 1076 3254 aut
1093 3178 1205 3252 illic6⁶
1220 3205 1295 3252 mo-

160 3307 340 3390 riebantur3
365 3314 409 3375 ut
426 3305 568 3377 foemina
584 3306 775 3386 temeraria,
794 3328 871 3395 quae
887 3304 922 3373 in
940 3326 982 3373 eo
998 3300 1166 3394 peccavit,
1177 3320 1293 3369 eoram

165 3422 256 3507 omni
266 3422 387 3515 populo
401 3421 589 3513 liquefacta
600 3430 663 3493 est.
715 3420 867 3505 Quidem
879 3419 987 3490 etiam
1004 3416 1171 3511 Regulus,
1185 3413 1293 3485 Guai-
1374 3454 1378 3466 ·

167 3536 384 3621 dannomine,
400 3537 543 3608 violavit
559 3539 734 3631 refugium
746 3535 848 3618 illius,
862 3536 899 3604 in
909 3535 1059 3627 quadam
1072 3529 1135 3603 sui
1147 3526 1294 3601 ecclesii

168 3650 337 3723 lanteilau
356 3654 501 3725 Bechan
522 3654 710 3749 vulgariter
731 3659 867 3735 vocata3
892 3653 987 3721 unde
1006 3648 1196 3743 frangendo
1213 3647 1293 3717 bao-

163 3766 283 3839 cbatus
302 3779 357 3855 est,
383 3779 424 3843 et
447 3771 565 3841 statim
581 3770 697 3840 viliter
718 3769 755 3839 in
776 3769 933 3861 ejusdem
956 3766 1156 3837 coemeterio
1176 3763 1293 3833 amisit

159 3886 318 3979 spiritum.
379 3888 684 3980 Recognosoentes
710 3894 830 3957 autem
859 3884 1008 3977 culpam,
1037 3882 1194 3974 protinus
1219 3880 1293 3971 ejus

155 4003 307 4094 precibus
322 4004 574 4097 recuperabant
590 4002 740 4073 salutem
757 4010 794 4073 et
810 4001 959 4071 veniam.

205 4118 248 4189 In
269 4130 370 4191 nocte
394 4128 513 4191 autem
536 4120 760 4212 depositionis
783 4118 857 4210 ejus
879 4139 1007 4211 magna
1028 4113 1192 4185 dissentio
1216 4121 1292 4182 orta

154 4244 206 4306 est
219 4238 307 4310 inter
318 4237 430 4309 cleros
442 4237 549 4307 trium
562 4237 785 4306 ecclesiarum
802 4234 905 4315 illius,
919 4230 1062 4325 singulis
1077 4228 1293 4322 praetenden-

153 4353 246 4424 tibus
269 4376 345 4425 suas
369 4352 596 4424 auctoritates
620 4361 658 4423 et
681 4352 862 4445 privilegia
886 4350 931 4420 de
955 4347 1115 4419 habendo
1140 4367 1291 4437 corpore.

156 4465 236 4538 Una
252 4470 390 4561 quidem
413 4470 460 4539 ob
483 4468 696 4562 sepulturam
719 4477 857 4561 patrum
877 4486 1027 4544 suorum
1053 4471 1090 4532 et
1109 4461 1291 4531 haeredita·

187 4662 292 4720 1,4.0.
325 4666 390 4721 ’Sic
404 4666 437 4721 Β.
449 4667 610 4734 datiqutmm.
629 4664 710 4721 MSS.
745 4662 860 4719 ³si00.
878 4665 917 4716 do.
936 4660 975 4715 H.
1010 4658 1075 4713 *Sic
1087 4658 1122 4711 Ο.
1136 4658 1233 4710 cotidie.
1254 4654 1292 4709 ΙΙ.

154 4748 255 4805 ³Forte
271 4751 319 4823 leg.
338 4757 426 4808 etiam.
447 4752 480 4807 E.
518 4752 601 4806 ⁸Ilico
619 4770 668 4824 pro
685 4752 761 4805 illico.
780 4748 861 4805 MSS.
