3450 5800
522 853 628 903 ursus
653 853 911 904 taunavnnsrs.
1212 836 1281 906 101

150 1031 293 1092 tremum
315 1029 436 1090 tamen
452 1019 622 1088 donorum
638 1020 782 1089 accessit
804 1018 1016 1112 cymbalum¹
1038 1023 1149 1115 magis
1170 1023 1280 1096 famo.

24 1172 25 1230 ]
149 1159 217 1208 sum
233 1161 341 1230 quam
358 1138 405 1208 sit
421 1156 603 1228 magnum3
627 1135 737 1228 magis
753 1136 951 1228 praetiosum
963 1159 1068 1229 quam
1084 1139 1278 1230 pulchrum,

24 1239 25 1330 ξ
149 1256 223 1347 quia
235 1253 332 1325 dulci
344 1275 429 1324 sono
443 1252 582 1321 videtur
593 1251 765 1322 excellere
781 1275 885 1323 omne
901 1275 1083 1348 organum3
1107 1254 1281 1348 perjuros²

149 1367 308 1453 damnat,³
330 1369 487 1439 infirmos
508 1373 614 1448 curat,
639 1375 676 1437 et
698 1369 804 1460 (quod
824 1370 936 1462 magis
952 1370 1090 1440 videtur
1103 1371 1277 1462 mirabile)

149 1487 286 1581 singulis
307 1485 411 1567 horis,
433 1480 548 1554 nnllo⁴
563 1491 734 1566 movente,
753 1486 907 1568 sonabat
925 1485 1034 1556 donec
1056 1495 1199 1578 peccato
1216 1487 1279 1558 ho·

150 1605 280 1672 minum
290 1599 535 1695 praepediente,
545 1599 605 1691 qui
617 1599 704 1671 illud
720 1600 862 1693 pollutis
875 1603 1034 1672 manibus
1046 1599 1177 1672 temer}
1188 1610 1279 1673 trao-

151 1720 281 1800 tabant,
298 1727 405 1788 atam
423 1716 517 1787 dulci
530 1716 694 1807 obsequio
707 1717 863 1787 cessavit.
916 1715 995 1786 Nec
1012 1714 1199 1812 incongrue
1215 1717 1278 1787 tali

152 1857 293 1905 munero
305 1834 448 1904 donatus
460 1840 523 1916 est,
537 1833 618 1924 quia
634 1831 740 1903 siout⁶
753 1831 950 1926 cymbalum
962 1833 1007 1904 de
1019 1831 1176 1926 corpore⁶
1188 1855 1279 1903 som-

23 1997 24 2028 1
153 1947 218 2021 nii⁷
228 1958 264 2022 et
278 1951 407 2021 inertiae
418 1949 577 2020 homines
593 1950 718 2020 invitat
734 1950 779 2019 ad
791 1948 983 2031 ecelesiam,
999 1950 1050 2020 sic
1065 1948 1177 2020 clarus
1193 1972 1279 2042 pon·

23 2103 24 2106 ¹
153 2067 236 2138 tifex
256 2067 401 2149 Teliaus,
419 2065 550 2136 Christi
566 2087 678 2158 praeco
691 2065 812 2149 faetus,
830 2067 1040 2136 incessanter
1051 2065 1277 2157 praedicando,

149 2184 312 2254 invitabat
320 2183 365 2254 ad
378 2183 516 2253 coelum.
566 2180 634 2252 His
646 2180 802 2276 gloriosis
814 2182 933 2254 donati
945 2182 1154 2264 muneribus,
1167 2183 1278 2252 utrin-

150 2323 211 2392 que
226 2299 473 2372 benedictione
489 2305 640 2390 accepta,
659 2321 739 2368 cum
756 2321 892 2370 summa
906 2300 1134 2392 prosperitate
1149 2299 1277 2371 reversi

23 2391 24 2414 Χ
150 2417 276 2486 suntin
292 2415 474 2510 regionem
491 2436 602 2496 suam;
628 2412 844 2508 Sanctusquc
860 2414 998 2486 Teliaus
1014 2415 1167 2486 ecclesiae
1185 2415 1277 2486 Lan-

149 2533 256 2615 dariae,
275 2532 334 2604 eui
351 2537 571 2602 consecratus
588 2538 650 2612 est,
668 2553 785 2601 curam
805 2531 1014 2623 pastoralem
1032 2532 1177 2624 accepit,
1195 2555 1275 2602 cum

150 2657 216 2720 tota
235 2647 403 2742 parochia
425 2646 490 2717 sibi
512 2647 700 2738 adjacente,
724 2669 800 2738 quae
816 2628 930 2718 fuerat
947 2645 1105 2718 Dubricii
1121 2655 1277 2718 anteces-

149 2767 222 2836 sons
237 2766 308 2848 sui3
334 2765 374 2834 in
390 2787 459 2855 qua
475 2785 546 2833 non
566 2764 626 2833 diu
646 2763 849 2834 commorari
872 2763 988 2855 potuit
1009 2771 1150 2854 propter
1170 2764 1276 2854 pesti-

148 2880 292 2965 lentiam,
311 2904 390 2974 quoe
406 2879 480 2951 fere
496 2887 607 2951 totam
623 2888 766 2975 gentem
779 2879 963 2951 deleverat.
1015 2876 1146 2950 Pestis⁸
1157 2887 1276 2950 autem

147 2996 201 3069 ilia
206 2998 301 3091 stara
317 2998 516 3079 vocabatur,
530 2998 677 3088 eoquod
694 2996 809 3080 flavos,
827 3004 865 3068 et
880 2993 1089 3091 exsangues⁹
1104 2996 1276 3067 efficiebat

148 3116 315 3186 universos
332 3136 419 3206 quos
434 3113 717 3206 persequebatur:
738 3136 813 3205 quae
829 3114 867 3183 in
883 3113 1045 3184 columna
1059 3134 1196 3204 aquosae
1212 3136 1276 3183 nu-

22 3246 23 3249 ’
147 3230 195 3301 bis
214 3230 405 3325 apparebat
425 3228 632 3311 hominibus,
654 3251 764 3299 unum
781 3237 886 3323 caput
901 3252 1040 3301 verrens
1057 3252 1121 3323 per
1136 3237 1274 3311 terram,

147 3345 236 3417 aliud
256 3342 423 3417 sursum¹⁰
442 3344 581 3415 trahens
600 3366 663 3437 per
677 3367 803 3428 aerem,
820 3354 857 3416 et
874 3346 1066 3418 discurrens
1084 3369 1147 3440 per
1162 3355 1275 3417 totam

150 3462 326 3554 regionem,
344 3462 390 3531 ad
405 3461 550 3532 modum
569 3458 716 3532 imbris¹l
733 3462 953 3533 discurrentis
972 3486 1036 3556 per
1051 3465 1122 3535 ima
1137 3462 1275 3534 conval-

22 3660 23 3687 χ
151 3574 244 3645 lium
290 3576 513 3670 Quaecunque
535 3584 653 3649 autem
675 3578 866 3650 animantia
885 3602 949 3652 suo
970 3578 1134 3673 pestifero
1155 3578 1275 3649 afflatu

22 3688 23 3753 i
149 3692 339 3786 attingeret,
361 3700 423 3764 aut
443 3688 539 3764 illicd
554 3695 799 3778 moriebantur,
816 3702 878 3766 aut
896 3696 1108 3789 aegrotabant
1130 3696 1167 3763 in
1182 3716 1274 3763 mor·

149 3816 232 3878 tem.
281 3806 394 3903 Siquis
411 3832 494 3881 vero
509 3809 681 3881 medelam
704 3821 887 3883 conaretur
902 3811 1066 3882 adhibere
1082 3810 1273 3903 aegrotanti,

145 3946 212 3995 non
229 3934 365 3997 antam
381 3926 612 3998 medicamina
626 3949 696 3997 non
712 3928 887 3999 habebant
903 3948 1005 3997 suum
1020 3925 1194 4006 effectum,
1211 3924 1273 3994 ssd

142 4042 244 4112 etiam
266 4043 504 4112 medicantem
520 4064 600 4113 cum
620 4050 749 4137 aegroto
764 4052 841 4115 atra
856 4042 932 4113 lues
946 4041 1107 4113 trahebat
1122 4041 1168 4111 ad
1183 4040 1274 4109 inte-

141 4158 252 4228 ritum.
306 4157 430 4228 Traxit
445 4158 538 4228 enim
556 4156 773 4231 Mailconum
790 4182 910 4253 regem
923 4156 1163 4239 Guenedocioe,
1179 4154 1273 4226 dele-

22 4286 23 4371 ff
141 4272 187 4343 vit
202 4282 240 4345 et
256 4274 410 4367 patriam
426 4296 538 4359 suam3
563 4282 600 4346 et
619 4276 656 4345 in
672 4282 810 4347 tantum
826 4275 1005 4346 incanduit
1023 4274 1189 4367 praediota
1203 4273 1273 4344 cla-

22 4586 23 4627 3
171 4541 396 4613 ¹sfflnoatom.0.
430 4542 645 4601 ’Porrima
679 4544 990 4613 medumpam.
1025 4545 1167 4601 ⁴NoraO.
1202 4548 1273 4602 idio.

141 4626 171 4681 0.
206 4629 361 4698 ‘rernm
380 4628 414 4685 0.
456 4630 642 4686 'Autsomns
661 4631 694 4687 Ε.
712 4634 836 4701 sompnii.
855 4631 894 4687 H.
936 4632 1027 4687 ΒΤοῒιι
1037 4631 1178 4704 descriptio
1189 4631 1273 4701 hujus

143 4710 223 4769 Pestis
237 4721 336 4787 postas
351 4716 484 4786 repetitur
498 4716 527 4769 in
543 4716 608 4771 Vita
622 4716 715 4773 Sancti
729 4718 856 4774 Oudocei.
900 4719 965 4774 iSic
980 4717 1013 4773 B.
1031 4721 1179 4788 Bruma
1193 4718 1272 4773 MSS.

22 4834 23 4847 r
140 4796 294 4857 tauram.
305 4802 338 4857 0.
370 4800 389 4839 ¹¹
401 4800 498 4857 Postea
508 4806 598 4859 simii.
618 4804 651 4861 B.
