3450 5800
442 808 488 883 16
812 825 921 877 umus
943 822 1201 877 nusnavnusrs.

441 994 567 1065 “Ecce
591 992 760 1065 auxilium
785 992 937 1085 corporis
961 998 999 1062 et
1022 993 1147 1064 animae
1162 1014 1259 1076 meae,
1281 993 1374 1085 quod
1395 991 1482 1063 mihi
1502 991 1580 1063 Do·

442 1113 587 1183 “minus
613 1132 678 1204 per
704 1110 878 1181 somnium
907 1108 1068 1201 dignatm
1096 1118 1150 1181 est
1179 1109 1444 1181 demonstrare.”
1493 1107 1580 1201 Ipso

439 1250 591 1320 namque
613 1228 670 1299 die
692 1249 756 1319 per
775 1224 1056 1297 benedictionem
1078 1223 1200 1296 Sancti
1223 1224 1401 1298 Samsonis
1417 1249 1439 1298 a
1453 1226 1580 1297 morbo

439 1343 625 1426 convaluit,
655 1366 696 1413 ac
718 1340 865 1434 supplici
886 1341 1056 1434 petitione
1077 1364 1149 1413 una
1170 1364 1251 1412 cum
1272 1342 1379 1413 fratre
1401 1365 1463 1415 suo
1487 1340 1580 1412 Um-

439 1458 571 1532 brafele
597 1458 840 1530 monachicum
868 1456 1028 1528 habitum
1052 1458 1225 1550 suscipere
1248 1459 1387 1529 meruit.
1442 1456 1514 1528 Sed
1540 1466 1581 1529 et

439 1575 645 1648 venerabilis
665 1573 782 1657 Annn,
810 1595 892 1643 cum
914 1571 1063 1644 Affrella
1084 1597 1200 1646 sorore
1224 1596 1294 1657 sus,
1317 1576 1393 1666 ejus
1414 1573 1580 1645 benedic-

437 1695 534 1765 tione
565 1699 620 1764 est
652 1697 860 1763 consecrata
928 1687 1071 1761 Partem
1104 1690 1385 1774 substantiarum,
1422 1686 1578 1783 partem¹

437 1810 645 1903 pauperibus
669 1806 834 1901 erogavit,
863 1813 1001 1898 partem
1026 1806 1072 1877 ad
1099 1809 1347 1879 monasterium
1376 1814 1579 1879 construen-

437 1928 522 1997 dum
546 1925 730 2007 commisit,
755 1930 892 2016 partem
916 1923 1037 1993 matris
1061 1930 1099 1993 et
1122 1922 1269 1994 fratrum
1292 1924 1371 1995 usui
1395 1922 1577 1994 concessit.

438 2040 617 2115 Ordinatis
639 2041 799 2112 omnibus
821 2040 1048 2133 pergratiam
1066 2038 1187 2110 Sancti
1204 2038 1365 2133 Spiritirs,
1390 2038 1578 2132 assumptis

436 2166 537 2251 patre
557 2166 596 2229 et
610 2155 778 2250 patmele,
802 2177 867 2248 per
881 2154 985 2226 aliam
1003 2178 1109 2249 quam
1124 2165 1268 2227 venerat
1284 2158 1386 2240 viam,
1411 2156 1456 2227 ad
1473 2176 1578 2227 suum

436 2274 686 2345 monasterium
701 2294 858 2343 reversus
873 2279 938 2341 est.
987 2270 1058 2343 Per
1073 2272 1220 2345 eandem
1242 2296 1380 2366 quoque
1396 2273 1489 2342 viam
1505 2294 1578 2343 ser-

436 2397 580 2481 pentem
608 2389 706 2459 mirae
731 2387 982 2482 magnitudinis
1009 2388 1147 2481 reperit,
1180 2410 1286 2481 quem
1315 2387 1388 2459 solo
1417 2408 1578 2459 sermone

436 2505 631 2597 prostravit.
681 2502 842 2595 Cumque
857 2503 903 2575 ad
918 2505 1167 2575 monasterium
1182 2504 1345 2585 redirent
1367 2502 1577 2575 Dubricium

436 2618 660 2713 Episcopum,
697 2620 858 2691 initiante
892 2620 1162 2714 quadragesima
1195 2622 1245 2691 ibi
1278 2618 1578 2692 commanentem’

434 2736 579 2809 invenit
630 2735 823 2830 Episcopus
843 2744 962 2807 autem
984 2736 1029 2807 ad
1048 2760 1087 2808 se
1103 2738 1288 2809 diaconum
1308 2760 1512 2820 convocans,
1538 2744 1578 2808 et

435 2853 481 2924 ab
502 2876 546 2926 eo
565 2860 701 2937 cuncta,
727 2876 804 2946 qnoe
824 2860 924 2949 gesta
945 2852 1087 2924 firernnt
1107 2855 1145 2923 in
1166 2855 1224 2925 via
1244 2854 1456 2938 condiscens,
1476 2876 1577 2926 max·

435 2971 508 3040 imo
519 2994 601 3042 oum
612 2970 744 3041 honore
755 2978 915 3041 sanctum
927 2968 1133 3041 Samsonem
1145 2978 1184 3041 et
1195 2972 1305 3041 socios
1317 2993 1396 3042 snos
1412 2973 1575 3065 suscepit,

435 3093 474 3156 et
497 3085 623 3158 eodem
646 3085 704 3157 die
729 3084 900 3157 Sanctum
924 3084 1129 3157 Samsonem
1146 3085 1374 3158 Gellerarium
1396 3087 1491 3159 illius
1505 3088 1579 3159 loci

435 3202 627 3272 constitnit.
680 3200 749 3274 1110
773 3225 856 3273 vero
879 3203 975 3273 acsi
1001 3199 1134 3294 jussus³
1162 3211 1254 3275 esset
1282 3202 1458 3288 divinitus,
1493 3227 1577 3275 cum

434 3337 564 3410 magna
578 3315 760 3411 diligentia
778 3319 921 3389 servivit
945 3318 1117 3401 fratribus
1141 3327 1178 3390 et
1201 3320 1425 3412 inquantum
1446 3323 1575 3413 potuit,

434 3432 644 3504 ministravit
666 3434 894 3527 pauperibns3
924 3435 985 3506 sed
1009 3435 1117 3505 frater
1140 3437 1200 3528 qui
1225 3443 1307 3506 ante
1331 3459 1413 3506 enm
1437 3444 1512 3508 erat
1537 3438 1577 3508 in

435 3548 560 3619 eodem
591 3549 794 3632 ministerio,
828 3551 903 3644 ejus
931 3552 1093 3645 operibus
1116 3552 1218 3623 bonis
1241 3553 1409 3636 invidens,
1434 3553 1577 3625 dicebat

435 3661 607 3734 Sanctum
635 3663 842 3738 Samsonem
871 3668 989 3738 omnia
1019 3669 1057 3738 in
1085 3666 1289 3740 effirsionem
1321 3664 1516 3752 fenerans&
1537 3678 1577 3741 et

433 3778 626 3852 lentemas⁸
658 3781 784 3854 melle⁸
818 3783 939 3877 plenas
975 3784 1179 3854 indecenter
1212 3807 1405 3855 evacuasse.
1468 3783 1575 3869 Quod

433 3893 628 3990 Episcopus
655 3898 808 3984 audiens,
842 3909 880 3970 et
902 3902 961 4000 ¹rei
989 3903 1173 3972 veritatem
1201 3903 1289 3971 scire
1316 3902 1468 3994 cupiens,
1502 3901 1575 3973 cel-

433 4009 560 4082 larium
595 4014 748 4086 intravit
815 4015 921 4100 Quod
956 4017 1081 4088 beatus
1117 4015 1265 4088 Samson
1301 4039 1365 4109 per
1400 4015 1574 4109 Spiritum

434 4135 595 4198 sanctum
617 4153 817 4224 agnoscens,
841 4132 1042 4216 lenternns,⁵
1066 4156 1151 4226 quas
1172 4141 1408 4214 evacuaverat,
1434 4133 1575 4226 signum

432 4244 545 4314 cmcis
576 4250 780 4339 composuit,
813 4258 852 4320 et
884 4251 1024 4321 eosdem
1057 4248 1250 4344 Episcopus
1282 4248 1402 4342 plenas
1433 4249 1574 4341 reperit.

434 4354 628 4454 Episcopus
658 4374 778 4436 autem
809 4366 995 4449 admirans,
1038 4365 1242 4437 Samsorm
1276 4363 1411 4458 Spiritu
1440 4362 1573 4436 Sancto

472 4681 618 4740 ¹Pcn.0.
651 4689 884 4744 'Muta
902 4691 937 4746 0.
971 4689 1145 4746 mmo.
1179 4693 1348 4758 ‘Fam
1362 4693 1572 4763 prosettam.

433 4764 469 4822 Ε-
503 4771 1005 4842 ‘mmobscnraintlffi
1039 4777 1413 4848 ‘ForteprofflmEE
