3450 5800
424 792 473 863 34
795 812 905 862 arnna
927 810 1186 863 nannsvnnus.

474 975 671 1049 Houoruus
683 978 884 1072 Episcopus,
897 1000 1015 1049 servus
1027 1000 1203 1049 servorum
1213 976 1292 1061 Dei,
1303 978 1562 1051 venerabilibus

424 1093 586 1165 fratribus
603 1094 787 1166 Willelmo
804 1094 1045 1165 Cantuariensi
1061 1093 1342 1188 Archiepiscopo‚
1359 1094 1562 1187 apostolicae

424 1210 515 1281 sedis
528 1210 672 1305 Legata,
686 1220 723 1283 et
736 1211 917 1304 Episcopis
928 1235 991 1304 per
1002 1209 1170 1306 Angliam
1182 1212 1390 1294 constitutis,
1407 1212 1562 1283 salutem

424 1335 461 1398 et
471 1326 695 1420 apostolicam
704 1328 993 1399 benedictionem.
1032 1326 1155 1399 Frater
1164 1335 1281 1398 noster
1290 1326 1455 1399 Urbanus
1465 1326 1563 1399 Lan-

424 1444 582 1515 davensis
593 1442 793 1537 Episcopus,
805 1444 849 1514 ad
862 1445 953 1514 sedis
964 1444 1160 1537 apostolice
1172 1444 1394 1514 clementiam
1404 1443 1561 1527 veniens,

423 1583 461 1632 se
477 1562 514 1631 in
526 1568 700 1632 conventu
711 1569 749 1631 et
760 1568 842 1631 ants
854 1568 1006 1631 vostram
1021 1562 1248 1653 praesentiam,
1261 1582 1365 1653 super
1377 1559 1564 1653 Episcopis

425 1675 603 1748 Bernardo
617 1675 737 1748 Sancti
754 1675 857 1760 Deui,
872 1684 909 1746 et
922 1676 1072 1749 Ricardo
1085 1676 1315 1759 Herfortensi‚
1334 1677 1378 1747 de
1393 1675 1564 1769 parochiis

424 1794 642 1888 episcopatis
655 1794 707 1865 sui
719 1793 764 1865 ab
773 1794 823 1865 eis
835 1794 979 1866 detenta
988 1792 1164 1884 querelam
1181 1793 1379 1886 deposuisse
1395 1793 1558 1863 asseruit.

424 1909 598 1982 Caetemm
614 1910 737 1983 fratres
752 1910 828 2003 ipsi,
846 1909 982 1979 nullum
998 1911 1031 1979 si
1048 1910 1093 1980 de
1108 1910 1324 2002 querimonia
1339 1931 1402 1979 sua
1417 1931 1564 2002 respon-

423 2050 501 2099 sum
519 2028 711 2110 reddentes,
732 2026 852 2097 ordine
868 2026 1086 2118 transposito,
1106 2022 1272 2096 eundem¹
1289 2048 1393 2119 super
1408 2024 1484 2097 aliis
1501 2048 1564 2097 ce-

423 2141 566 2238 parunu
581 2121 760 2236 impetere.
810 2140 916 2226 Quod
932 2149 1007 2213 tam
1022 2164 1197 2212 sacrorum
1216 2143 1356 2214 statutis
1372 2164 1561 2227 canonum,

424 2282 529 2353 quam
544 2257 712 2353 legalibus
728 2257 962 2329 sanctionibus
978 2253 1135 2329 obvium⁸
1151 2280 1227 2329 esse
1243 2281 1314 2328 non
1329 2265 1430 2329 exmt
1446 2258 1563 2329 ambi-

425 2398 543 2469 guum.
594 2373 638 2445 In
647 2374 781 2467 judicio
798 2396 958 2467 namque,
975 2374 1130 2445 etunius
1146 2374 1397 2467 disceptatione
1413 2374 1562 2468 negotii,

424 2514 503 2562 reus
521 2490 599 2585 (nisi
620 2512 682 2583 per
698 2489 954 2583 exceptionem)
972 2496 1069 2561 actor
1084 2489 1174 2560 effici
1190 2512 1409 2582 nequaquam
1428 2497 1560 2583 potest.

426 2606 508 2701 Ipse
528 2628 610 2677 vero
632 2606 789 2676 ordinem
804 2606 929 2697 judicii
951 2605 1138 2698 postulans,
1161 2614 1202 2676 ut
1223 2606 1319 2699 prius
1339 2606 1383 2676 de
1405 2605 1565 2699 hisquae

425 2723 599 2816 objecerat
615 2722 680 2793 sibi
696 2722 947 2793 rationabiliter
958 2744 1159 2815 responsum
1172 2722 1313 2793 daretur
1323 2745 1346 2792 a
1356 2711 1419 2792 tua
1431 2720 1564 2792 discre-

425 2840 530 2923 tione,
542 2838 648 2911 frater
656 2836 935 2932 Archiopiscope,
946 2838 1007 2931 qui
1015 2860 1078 2932 pro
1085 2837 1205 2931 judice
1214 2838 1388 2910 residebas
1397 2838 1561 2932 expetiit.

427 2956 520 3042 Quia
535 2978 617 3028 vero
633 2954 727 3048 quod
743 2953 888 3047 optabat
903 2955 1060 3047 optinere
1076 2977 1146 3025 non
1166 2956 1291 3047 potuit,
1308 2977 1476 3049 magnum
1493 2955 1565 3026 sibi

425 3095 612 3168 gravamen
627 3071 778 3142 sentiens
794 3071 946 3163 irrogari,
964 3069 1158 3140 Romanam
1174 3071 1388 3142 audientiam
1404 3094 1482 3164 que
1497 3095 1566 3165 op-

425 3188 550 3282 pressis
570 3208 753 3257 oommune
774 3184 974 3279 suffragium
996 3193 1050 3256 est
1071 3187 1269 3280 appellavit,
1292 3194 1330 3258 et
1349 3195 1566 3280 prenotatos

427 3303 617 3397 Episcopos
632 3300 674 3372 B.
693 3297 751 3371 R.⁴
766 3308 808 3371 ut
823 3301 861 3371 in
876 3309 994 3372 nostra
1008 3303 1199 3394 praesentia,
1220 3303 1397 3374 mediante
1413 3303 1567 3396 qnadra-

425 3420 566 3514 gesima,
583 3418 653 3488 suis
669 3417 935 3510 responderunt⁸
951 3418 1181 3510 quaerimoniis
1196 3419 1369 3490 invitavit.
1420 3417 1565 3492 Verum

425 3537 499 3629 ipse
515 3534 694 3605 nobiscum
713 3533 926 3626 aliquamdiu
946 3541 1100 3605 moratus
1116 3543 1184 3618 est3
1208 3535 1348 3606 invitati
1364 3557 1456 3619 vero,
1472 3559 1568 3629 prae·

425 3651 497 3723 fixo
509 3651 658 3722 termino
671 3671 736 3720 neo
748 3658 927 3733 venemnt,
940 3673 1006 3720 nec
1021 3649 1234 3743 responsales
1249 3652 1429 3722 miscnmt.
1480 3651 1521 3722 N
1521 3678 1565 3726 os

425 3769 540 3864 igitur,
552 3789 597 3838 ex
610 3766 785 3837 communi
797 3766 943 3837 fratrum
955 3774 1150 3838 nostrorum
1163 3766 1416 3860 Episcoporum
1427 3777 1465 3838 et
1475 3767 1566 3840 Car-

425 3885 593 3956 dinnlium
605 3882 853 3954 deliberatione
865 3883 984 3953 audita
995 3904 1098 3975 super
1109 3882 1177 3952 hoc
1190 3884 1337 3953 duorum
1349 3885 1494 3956 testium
1507 3909 1566 3958 as-

398 4034 402 4044 ·
424 4002 584 4083 sortione,
595 4021 676 4070 eum
686 4000 730 4070 de
739 3998 919 4091 parrochia
929 3999 1022 4070 unde
1032 4001 1234 4091 conquestio
1244 3997 1375 4071 liserat⁶
1385 4000 1563 4086 videlicet,

427 4116 546 4210 Ergin‚
564 4115 716 4198 Istratui,
734 4114 856 4198 Gubir,
874 4114 1047 4210 Cetgueli,
1064 4115 1213 4187 Cantref
1224 4115 1361 4199 bichan‚
1379 4117 1475 4188 salva
1483 4119 1565 4212 jus-

426 4233 505 4301 titia
516 4230 739 4302 ecclesiarum
751 4229 990 4303 Herfortensis
1002 4241 1039 4304 et
1052 4231 1174 4303 Sancti
1187 4230 1291 4316 Deui,
1308 4232 1563 4309 investivimus.

427 4346 627 4417 Terminum
644 4368 725 4418 vero
745 4354 819 4418 tam
840 4347 1000 4420 Uassuo
1023 4347 1241 4420 Laudavensi
1262 4348 1436 4443 Episcopo
1453 4373 1565 4444 quam

462 4683 525 4740 ¹Sic
542 4683 577 4739 B.
594 4687 718 4742 Eundem.
742 4687 822 4744 MSS.
869 4687 944 4744 2Pr0
961 4697 1099 4758 ceperant
1120 4689 1155 4745 E.
1201 4691 1255 4745 ³1d
1273 4697 1314 4747 est
1331 4695 1506 4749 contrarium.
1527 4693 1565 4750 B.

425 4771 500 4826 ⁴Pro
517 4773 684 4826 amurcam
700 4780 725 4828 et
741 4777 892 4830 Ricardum.
911 4775 945 4831 E.
991 4779 1171 4845 ammonam.
1190 4777 1225 4832 0.
1268 4778 1390 4834 ‘Fuerat
1407 4778 1491 4835 deest.
1509 4779 1546 4836 Ο.
