3450 5800
382 763 457 835 214
753 782 862 835 muna
885 731 1143 835 nasnsvnsns.

383 949 454 1033 lam
471 947 597 1043 Segan,
613 971 695 1019 cum
712 949 983 1027 novemmodiis
1003 946 1100 1043 agri,1
1121 946 1209 1033 Deo,
1231 956 1269 1020 et
1289 947 1396 1020 Petro
1419 973 1524 1043 apos-

383 1064 466 1147 tolo,
484 1073 522 1136 et
538 1064 676 1137 Sanctis
693 1064 870 1150 Dnbricio,
888 1065 1040 1148 Teliauo,
1057 1073 1095 1136 et
1112 1063 1288 1149 Oudoceo,
1306 1074 1343 1137 et
1358 1066 1396 1135 in
1411 1088 1523 1137 manu

384 1179 536 1251 Gulfridi
559 1179 733 1275 Episcopi,
754 1190 791 1253 et
806 1182 967 1253 omnibus
983 1181 1152 1275 episcopis
1174 1179 1360 1253 Laudaviae
1382 1182 1418 1251 in
1440 1206 1523 1275 per-

383 1305 506 1390 petuo;
525 1296 660 1369 Catello
676 1298 787 1393 Rege,
803 1298 875 1369 filio
888 1296 1063 1381 Arthuail,
1074 1298 1223 1390 jubente
1239 1306 1277 1369 et
1289 1298 1521 1383 concedente;

384 1413 458 1483 aine
474 1411 546 1484 ullo
560 1436 676 1498 censu,
692 1437 820 1509 magno
832 1415 889 1485 vel
904 1414 1052 1497 modico,
1065 1413 1129 1485 ulli
1145 1414 1277 1485 homini
1291 1422 1436 1497 terreno,
1449 1415 1519 1485 nisi

383 1527 537 1600 ecclesiae
560 1529 754 1614 Landaviae,
778 1538 815 1602 et
836 1531 1030 1624 pastoribus
1047 1530 1130 1622 ejus,
1147 1553 1229 1600 cnm
1245 1553 1308 1601 suo
1322 1538 1400 1601 tota
1414 1530 1520 1601 liber-

384 1652 469 1727 tate,
492 1653 530 1716 et
551 1648 647 1717 omni
663 1648 906 1718 communione
925 1648 963 1717 in
978 1669 1101 1740 campo
1124 1654 1162 1718 et
1183 1647 1220 1716 in
1242 1646 1345 1729 silvis,
1368 1647 1407 1717 in
1428 1669 1521 1739 equa

385 1762 476 1831 etin
496 1763 641 1856 pascuis.
692 1762 749 1834 De
765 1762 918 1847 Clericis,
935 1771 1043 1835 testes
1063 1770 1145 1834 sunt
1162 1761 1294 1833 Gulfiit
1314 1761 1520 1856 Episcopus,

384 1876 496 1948 Diuin
507 1879 703 1972 praesbyter,
713 1877 870 1950 Dissaith
882 1879 1000 1963 lector,
1011 1878 1168 1974 Cingunt,
1178 1874 1524 1963 Heinif,Tut11erth;¹

384 1996 430 2066 de
451 1995 548 2066 laicis
567 2018 658 2078 vero,
680 1993 795 2066 Catell
815 1994 896 2067 Rex
912 1994 1003 2067 filius
1018 1994 1193 2079 Atthuail,
1217 1993 1407 2066 Marchuid
1429 1996 1523 2067 filius

384 2110 550 2206 Bledgur,
574 2118 612 2181 et
627 2109 736 2182 Asser
757 2111 849 2182 filius
872 2112 946 2206 ejus
967 2112 1150 2196 homicida,
1168 2111 1387 2195 Merchiaun,
1405 2110 1521 2197 Edrit,

385 2226 498 2310 Drim,
517 2226 663 2298 Conuin·
714 2226 923 2321 Quicunque
939 2229 1151 2312 custodierit,
1176 2226 1433 2314 benedicetur38
1457 2231 1521 2321 qui

384 2351 505 2413 autem
528 2341 717 2427 violaverit,
742 2342 995 2415 maledicetur.⁴
1044 2342 1139 2415 Finis
1163 2344 1256 2415 illins
1281 2353 1344 2429 est,
1367 2343 1403 2415 A
1425 2346 1519 2414 vodo

384 2457 528 2542 dubleis‚
546 2460 604 2529 vis
618 2480 746 2553 magna
760 2461 978 2532 custodiente
994 2483 1104 2553 usque
1118 2468 1255 2554 petram
1272 2483 1442 2556 magnam,
1455 2462 1520 2533 nia

383 2573 456 2646 lata
475 2575 701 2659 custodiente,
720 2584 758 2647 et
777 2578 932 2672 erigente
953 2585 1047 2648 trans
1064 2580 1157 2649 viam
1178 2578 1350 2670 usquead
1371 2585 1520 2670 puteum

382 2688 502 2774 Dotei,
515 2715 536 2762 a
547 2698 654 2785 puteo
667 2690 775 2764 Dotei
786 2694 831 2764 ad
847 2695 974 2764 fossam
987 2694 1098 2789 erigit,
1116 2694 1207 2765 fossa
1222 2693 1442 2765 custodiente
1457 2717 1522 2787 per

381 2808 538 2879 medium
558 2831 690 2904 gronne
710 2832 821 2903 usque
842 2811 1019 2881 tumulum
1039 2812 1154 2905 guian,
1178 2810 1270 2882 fossa
1288 2811 1519 2893 custodiente,

384 2932 422 2994 et
442 2922 538 2995 recte
559 2927 726 2997 tendente
748 2928 794 2997 ad
815 2925 967 3021 lapidem
989 2927 1143 3022 longum,
1166 2951 1188 2999 a
1208 2927 1323 3021 lapide
1345 2927 1451 3024 longo
1475 2929 1521 2998 ad

382 3039 546 3131 paludem
562 3042 709 3136 nigrum,
724 3065 835 3137 usqne
851 3045 936 3114 dum
953 3045 1131 3116 descendit
1146 3043 1185 3114 in
1200 3043 1358 3138 Dngleis.

506 3303 605 3374 Tnns
619 3304 698 3376 Rnn
714 3324 835 3376 Jnxna
852 3307 1034 3380 Mannum
1049 3329 1168 3382 umen
1184 3331 1226 3382 m
1242 3311 1392 3384 Manca.

434 3501 676 3598 Catguocaun⁵
693 3504 773 3577 Rex
788 3507 880 3579 filius
893 3508 1017 3594 Ouein,
1035 3511 1231 3584 immolavit
1246 3536 1309 3606 pro
1325 3513 1524 3588 animosus

383 3629 422 3693 et
443 3621 623 3691 animabus
644 3623 762 3715 patris,
785 3631 823 3694 et
845 3627 1000 3696 omnium
1020 3636 1205 3720 parentum
1227 3652 1377 3713 snorum
1398 3631 1522 3704 villam

384 3737 464 3821 Bet,
489 3760 570 3807 cum
591 3738 702 3809 tribus
723 3740 848 3811 modiis
870 3750 980 3828 terrae,
1005 3742 1093 3828 Deo,
1117 3755 1154 3818 et
1177 3745 1315 3817 Sanctis
1338 3746 1519 3833 Dnbricio,

382 3853 535 3937 Teliauo,
557 3860 594 3924 et
616 3852 793 3939 Oudoceo,
817 3864 854 3928 et
878 3856 1039 3931 Gulfiido
1057 3861 1238 3956 Episcopo,
1256 3885 1337 3934 cum
1357 3867 1521 3937 omnibus

384 3972 553 4065 episcopis
569 3969 764 4056 mauvis,
778 3981 908 4044 etcum
925 3983 1001 4047 tota
1017 4001 1079 4049 sna
1090 3978 1262 4062 libertate,
1276 3987 1313 4049 et
1330 3981 1413 4052 data
1425 4005 1521 4054 oom-

383 4088 548 4159 mnnione
569 4087 692 4158 incolis
712 4088 805 4160 illius
824 4098 926 4162 terrae
947 4093 985 4163 in
1000 4117 1123 4187 campo
1139 4103 1176 4166 et
1196 4096 1233 4166 in
1254 4094 1357 4179 silvis,
1375 4097 1413 4167 in
1430 4121 1522 4190 equa

385 4211 423 4273 et
441 4204 478 4273 in
496 4203 641 4296 pascuis,
664 4201 718 4274 et⁶
735 4206 809 4278 sine
823 4205 898 4278 ullo
915 4231 1020 4281 censu
1042 4207 1121 4281 ulli⁷
1137 4212 1270 4283 homini
1286 4220 1436 4300 terreno,
1454 4217 1522 4286 nisi

386 4319 539 4390 ecclesiae
566 4319 761 4405 Landaviae,
790 4330 828 4394 et
852 4325 1047 4416 pastoribus
1071 4329 1145 4421 ejus
1170 4328 1410 4423 inperpetuo.
1464 4329 1528 4404 De

422 4630 584 4687 mmo.
620 4633 796 4692 ‘auimo
831 4639 1077 4698 ³Cuatudiotitlum
1087 4645 1215 4702 Deuao.
1249 4645 1418 4703 *Acadama
1428 4647 1524 4704 aito.

387 4719 557 4787 vesocen.
575 4718 608 4776 0.
643 4721 789 4780 medem.
808 4724 841 4782 0.
876 4727 1045 4788 NJusdees.
1064 4730 1097 4786 0.
