3450 5800
499 832 608 883 nrsns
631 833 889 885 niuosvnnsrs.
1214 818 1260 889 51

118 1024 180 1073 nec
206 998 423 1093 responsales
445 1022 529 1071 suos
549 999 726 1081 miserunt,
746 998 881 1089 judicio
900 997 1260 1095 Archicpiscoporum,

121 1118 381 1211 Episcoporum,
403 1124 443 1187 et
461 1113 698 1186 Cardinalium
716 1113 884 1185 Romanae
901 1117 1064 1201 coclesiae,
1084 1122 1261 1212 praedictae

119 1235 270 1327 quinque
290 1232 412 1327 plebes
434 1232 640 1324 adjudicate
660 1239 741 1301 sunt
759 1230 912 1315 Urbano,
940 1232 1112 1327 Episcopo
1139 1235 1262 1306 Laud.l

118 1359 154 1421 et
177 1350 342 1420 omnibus
367 1348 622 1419 successoribus
646 1347 725 1429 suis,
751 1346 918 1419 habendae
943 1349 980 1419 in
1003 1360 1192 1445 perpetu03
1223 1362 1261 1424 ct

118 1490 199 1537 crim
220 1466 313 1537 datis
336 1465 403 1537 sibi
424 1464 535 1535 literis
555 1460 837 1555 Arcbicpiscopc‚
861 1463 962 1558 Regi,
987 1474 1025 1535 et
1044 1468 1260 1558 parochianis

117 1579 225 1651 infra²
242 1582 372 1674 positis,
398 1581 572 1671 simulque
592 1576 729 1651 charta³
749 1579 981 1671 disceptionis
1007 1590 1044 1652 et
1067 1583 1258 1677 privilegio,

118 1722 203 1769 cnm
217 1700 339 1792 gratia,
352 1707 388 1769 et
398 1722 461 1791 per
476 1696 746 1769 misericordiam
760 1696 957 1788 apostolicos
970 1698 1158 1791 dignitatis,
1175 1724 1260 1793 prae-

118 1816 242 1885 dictns
260 1816 312 1885 vir
326 1836 475 1885 reversus
493 1821 546 1885 est
561 1812 745 1883 incolumis
761 1834 842 1883 cum
859 1813 939 1896 suis,
961 1814 1017 1885 his
1032 1816 1196 1898 munitus,
1214 1817 1259 1887 ad

118 1930 309 2001 ecclesium
325 1928 434 2001 sunm‘
450 1953 532 2001 cum
548 1929 684 2023 gaudio.

166 2160 384 2236 ΗοΝοιῑῐυε5
402 2162 604 2256 Episcopus,
630 2184 748 2233 servus
764 2184 940 2233 servorum
965 2162 1045 2249 Dei,
1071 2166 1258 2236 venerabili

120 2280 214 2351 fiatri
236 2277 339 2351 Urb.⁶
361 2278 581 2349 banderensi
602 2277 785 2370 Episcopo,
806 2278 955 2349 salutem
977 2289 1014 2349 et
1034 2281 1258 2373 apostolicam

120 2396 406 2467 benedictionem.
459 2394 691 2465 Winebaldns
708 2394 752 2463 de
768 2391 926 2465 Bacluna
941 2403 1071 2467 terram
1088 2398 1132 2467 de
1149 2395 1258 2467 Oarli·

123 2534 185 2582 one
202 2510 392 2590 Monachis
414 2512 459 2581 de
479 2508 606 2581 Monte
628 2507 757 2593 Acuto,
781 2532 844 2601 pro
867 2511 990 2581 animae
1011 2534 1081 2581 suae
1103 2512 1257 2582 remedio

125 2626 201 2697 dure
216 2628 398 2720 disposuit.
450 2624 605 2718 Ideoque
628 2624 836 2696 fraternitati
860 2634 930 2696 tuoe
950 2628 1157 2697 mandamus
1173 2650 1257 2718 qua·

126 2752 219 2815 tenus
238 2744 351 2837 ipsam
368 2752 498 2814 terram
517 2742 668 2835 prefatis
686 2740 881 2826 Monachis,
905 2742 1000 2815 solvo
1016 2751 1086 2813 tuae
1103 2744 1256 2815 ecclesiae

121 2859 200 2950 jue,
216 2860 399 2932 concedas.
452 2858 535 2931 Dat.
554 2857 727 2942 Laterani,
746 2855 1037 2930 xv1.oal.Julii.⁷

170 3093 366 3166 Hosonrns
375 3093 577 3186 Episcopus,
587 3115 705 3164 servus
714 3114 891 3164 servorum
901 3090 980 3176 Dei,
989 3095 1176 3165 venerabili
1190 3095 1257 3166 fra-

126 3211 165 3280 tri
183 3209 334 3294 Urbano,
354 3206 592 3282 banderensi⁸
609 3208 791 3301 Episcopo,
809 3208 1012 3280 salutemet
1032 3210 1257 3303 apostolicam

125 3327 407 3398 benedictionem.
459 3323 545 3396 Post
562 3332 663 3394 tuum
680 3347 702 3394 a
717 3325 817 3395 nobis
834 3325 1032 3410 discessum,
1052 3327 1257 3400 venerabilis

125 3445 230 3516 irater
241 3453 356 3514 noster
369 3442 576 3526 Bernardus,
589 3439 781 3533 Episcopus
795 3439 916 3513 Sancti
929 3441 1032 3526 Doni,
1045 3445 1091 3514 ad
1104 3453 1256 3516 nostram

123 3561 339 3654 presentiam
354 3560 504 3641 veniens,
528 3557 675 3628 literisa
695 3556 858 3628 fratribus
874 3559 1000 3630 nostris
1016 3559 1061 3630 G.
1080 3559 1258 3632 Cautum?

19 3676 24 3803 J
123 3675 401 3766 Archiepiscopo
414 3683 451 3745 et
469 3672 545 3746 aliis
555 3671 694 3768 Angliae
706 3672 897 3766 Episcopis,
910 3674 1050 3769 altoge,
1067 3684 1104 3746 et
1116 3677 1257 3767 quibus-

20 3812 21 3875 ,
126 3792 208 3862 dam
226 3789 422 3872 Beronibus,
441 3792 481 3860 in
502 3790 628 3882 quibus
651 3789 895 3861 continebatur
916 3791 1157 3872 controversia,
1181 3813 1258 3881 qnae

127 3907 217 3978 inter
233 3915 279 3989 te,
297 3915 333 3977 ct
348 3905 551 3977 Wilfridum
567 3905 853 3998 predecessorem
871 3906 955 3998 ejus,
969 3905 1013 3976 de
1025 3905 1182 3976 terminis
1197 3928 1259 3997 pa·

130 4023 327 4094 rochislibns
351 4023 437 4094 olim
460 4023 593 4117 agitata
614 4030 677 4106 est,
703 4045 765 4115 per
786 4022 1015 4116 quadraginta
1034 4040 1113 4090 vm.
1139 4029 1256 4103 testes,

133 4158 227 4210 xxiv.
239 4137 433 4211 videlicet¹⁰
445 4139 490 4210 de
504 4147 566 4210 tua
577 4139 749 4232 parochia,
763 4147 799 4210 et
812 4157 920 4210 xxrv.
935 4139 979 4209 de
991 4160 1062 4221 sus,
1080 4137 1186 4208 inisse
1199 4139 1259 4209 de·

164 4522 233 4600 ¹Icg.
247 4529 428 4585 hadom.
465 4527 567 4596 'Infra
580 4545 629 4599 pro
641 4529 725 4596 intro,
743 4533 776 4582 ut
793 4529 822 4582 in
839 4529 899 4584 aliis
915 4528 989 4583 locis.
1008 4527 1042 4582 Ε.
1083 4527 1201 4582 ⁸Kortc.
1220 4527 1259 4584 Η.

130 4609 215 4668 ⁴&crr
225 4615 304 4672 decm-
322 4616 359 4672 Ο.
406 4613 554 4684 ⁶Hujuscc
566 4615 654 4668 brevis
666 4613 806 4686 exemplar
820 4621 901 4670 antes
915 4616 944 4668 in
956 4614 1037 4668 Libro
1053 4613 1148 4668 dstum
1164 4619 1213 4681 cst,
1231 4631 1259 4683 p.

123 4699 161 4754 ro.
191 4701 266 4776 ειη.
282 4700 457 4760 σώσω.
492 4699 737 4769 ⁷16Junit1129.
772 4703 877 4758 snam.
890 4702 924 4757 0.
958 4700 1259 4772 croccoumooan-

119 4791 243 4846 ΝΜ.
263 4791 297 4846 Ε.
341 4789 364 4830 ¹⁰
379 4788 507 4846 Videlicet
518 4787 599 4844 deest.
618 4788 652 4843 Ο.

677 4899 703 4948 Η
