3450 5800
433 797 507 869 256
806 814 914 866 mnus
939 814 1196 867 nmonvsnms.

434 995 553 1081 potem
577 981 772 1055 Herwaldi¹
797 982 970 1076 Episcopi,
993 982 1174 1053 Berthutis
1197 984 1346 1067 nomine,
1366 984 1478 1055 virum
1494 984 1570 1076 jus-

435 1113 523 1187 tum,
546 1109 583 1174 et
604 1101 780 1173 medicum
803 1100 911 1170 totius
933 1100 1062 1191 patriae.
1114 1098 1163 1169 Et
1184 1098 1277 1169 facta
1291 1108 1366 1169 tam
1382 1100 1570 1171 execrabili

434 1218 621 1301 invasione,
638 1224 675 1288 et
692 1217 756 1287 sub
769 1214 826 1286 ali
839 1215 1046 1287 Sanctomm
1063 1213 1231 1297 Dubricii,
1244 1214 1387 1300 Teliaui,
1402 1215 1571 1300 Oudocei,

436 1343 474 1407 et
495 1335 601 1428 asylo,
624 1333 720 1403 misit
737 1331 929 1425 Episcopus
945 1330 1078 1425 legatos
1097 1354 1177 1402 suos
1196 1354 1259 1424 per
1275 1355 1393 1403 omnes
1409 1332 1570 1403 ecelesias

437 1452 547 1522 totius
562 1473 633 1521 suae
646 1443 837 1519 dioceseos²
859 1446 1138 1539 obtemperantes
1155 1448 1220 1518 sibi
1236 1448 1327 1519 intra
1343 1446 1488 1522 ostium³
1506 1448 1573 1519 Ta-

433 1575 528 1661 ratyr
537 1589 640 1659 super
650 1565 762 1659 ripam
772 1563 863 1657 Guy‚
874 1570 912 1633 et
924 1562 1034 1655 ripam
1046 1560 1158 1656 Tyrsi*
1169 1572 1211 1633 ut
1228 1563 1329 1634 simul
1346 1567 1570 1636 convenirent

433 1684 550 1755 clerici
571 1682 710 1775 majoris
732 1679 912 1774 dignitatis
934 1678 1048 1762 electi,
1066 1687 1140 1751 tam
1157 1703 1262 1772 qnam
1283 1680 1454 1753 inferioris
1477 1682 1568 1775 apud

430 1799 656 1881 bandariam,
679 1804 717 1868 et
739 1792 793 1866 in5
815 1794 919 1888 plena
941 1795 1080 1888 synodo,
1107 1795 1272 1887 depositis
1295 1798 1464 1880 crucibus,
1489 1822 1569 1869 oum

432 1916 560 1988 sanctis
587 1913 751 2005 reliquiis,
782 1911 827 1982 ad
856 1918 994 1994 terram,
1020 1918 1058 1981 et
1081 1912 1187 1983 versis
1212 1912 1377 2005 cymbalis
1402 1914 1510 1984 simul
1533 1922 1568 1985 et

433 2032 550 2103 clauso
570 2027 675 2100 ostio⁰
700 2027 853 2101 ecclesia
877 2049 958 2096 cum
983 2027 1118 2121 stipatis
1143 2027 1258 2121 spinis,
1277 2036 1321 2098 et
1344 2029 1395 2099 ita
1419 2032 1569 2101 carentis

432 2148 572 2221 servitio
586 2153 623 2217 et
638 2153 787 2237 pastore,
803 2144 969 2214 remansit
986 2144 1108 2214 diebus
1123 2166 1164 2213 ac
1180 2144 1354 2229 noctibus3
1381 2144 1474 2216 facto
1488 2170 1569 2217 ana-

432 2265 589 2336 themate
602 2260 741 2331 familiae
758 2262 848 2354 regis
860 2267 898 2330 et
914 2265 1136 2352 sequestrata
1149 2283 1170 2330 a
1182 2267 1258 2331 tota
1269 2259 1469 2331 orthodoxae
1485 2263 1568 2333 fidei

433 2388 536 2452 sorte.
586 2378 635 2447 Et
652 2377 771 2447 audita
782 2384 882 2447 tanta
894 2376 1126 2447 summotione
1139 2383 1176 2447 et
1189 2376 1334 2449 dilatata
1345 2400 1407 2470 per
1418 2380 1567 2470 patriam

431 2518 559 2590 magno
581 2494 738 2586 strepitu,
762 2500 799 2563 et
818 2514 1006 2571 murmure,
1030 2492 1136 2585 coepit
1159 2493 1238 2563 Rex
1260 2492 1480 2587 lachrymari⁷
1501 2519 1567 2588 pro

432 2607 671 2682 damnatione⁸
695 2608 834 2679 familiae
859 2632 938 2692 suas,
965 2606 1177 2679 desiderans⁹
1201 2610 1316 2701 potius
1340 2633 1464 2702 pacem
1487 2634 1569 2684 oum

431 2753 494 2802 suo
505 2735 653 2822 pastore,
665 2748 770 2818 quam
780 2725 1081 2819 participationem
1090 2733 1295 2818 perpetratae
1305 2726 1449 2817 injuriae.
1493 2725 1569 2797 Ad-

429 2846 561 2919 voeatis
571 2844 731 2916 omnibus
743 2841 939 2913 Comitibus
949 2841 1028 2925 suis,
1039 2842 1218 2935 requisivit
1226 2842 1363 2914 veniam
1372 2844 1466 2936 apud
1477 2841 1569 2919 Lan·

431 2963 569 3037 dariam
584 2956 851 3053 lachrymabili¹⁰
865 2958 1049 3030 devotione
1065 2959 1169 3029 simul
1185 2966 1223 3029 et
1240 2959 1372 3030 familia
1388 2969 1571 3055 segregata

429 3103 452 3150 a
475 3077 751 3148 Christianomm
776 3075 963 3158 consortio;
989 3081 1026 3144 et
1051 3074 1170 3145 audita
1192 3076 1265 3168 ejus
1290 3099 1402 3168 prece,
1426 3084 1464 3146 et
1487 3078 1570 3148 data

430 3194 495 3266 sibi
508 3193 610 3263 venia
620 3189 725 3261 simul
737 3198 774 3260 et
785 3189 926 3260 familia
936 3191 1061 3281 juncta
1077 3213 1157 3260 cum
1173 3193 1379 3285 poenitentia
1391 3191 1567 3276 canonias,

406 3294 409 3302 ⁸
432 3310 523 3380 dixit
539 3309 628 3391 Rex,
645 3306 766 3399 positis
782 3307 942 3379 manibus
958 3308 1028 3380 suis
1045 3331 1147 3400 super
1163 3307 1271 3379 altare
1289 3307 1385 3380 Petri
1408 3310 1568 3401 apostoli,

431 3434 469 3497 et
491 3431 688 3496 sanctorum
710 3422 954 3505 confessorum,
977 3421 1145 3506 Dubricii,
1168 3422 1313 3508 Teliaui
1337 3433 1375 3494 et
1398 3424 1567 3508 Oudocei

431 3550 469 3613 et
494 3562 610 3611 coram
633 3545 782 3630 utroque
804 3536 944 3631 populo,
970 3538 1120 3610 clericali
1145 3547 1182 3610 et
1205 3539 1329 3624 laicali,
1358 3540 1567 3612 “Confirmo

431 3658 549 3728 “hanc
566 3655 829 3748 eleemosynam,
846 3655 1002 3726 tribuens
1019 3653 1106 3738 Deo,
1126 3653 1263 3726 Henriu
1276 3653 1433 3727 Gunuall
1446 3656 1568 3730 videb-

431 3781 526 3856 “cet
545 3778 582 3843 et
598 3770 725 3842 sanctis
741 3771 914 3862 praedictis
931 3780 967 3842 et
984 3771 1157 3864 Episcopo
1170 3771 1384 3855 Heruualdo,
1402 3781 1440 3843 et
1456 3775 1568 3844 omni-

432 3889 525 3960 “bus
548 3886 770 3982 pontificibus
787 3886 982 3970 Laudariae,
1008 3888 1046 3957 in
1066 3887 1276 3980 sempiterna
1296 3891 1565 3972 consecratione,

431 4005 605 4075 “liberam
626 4003 671 4073 ab
688 4003 783 4073 omni
805 4003 946 4074 servitio
968 4001 1120 4073 saeculari
1138 4010 1174 4073 et
1194 4004 1311 4098 regali,
1333 4011 1468 4074 etcum
1485 4005 1567 4076 data

328 4209 333 4220 Ι
431 4119 703 4191 “communione
719 4117 850 4204 incolis,
868 4120 905 4190 in
922 4143 1044 4212 campo
1061 4127 1098 4190 et
1116 4120 1152 4189 in
1172 4119 1277 4203 silvis,
1298 4120 1335 4190 in
1357 4143 1447 4213 aqua
1468 4128 1504 4190 et
1526 4121 1566 4192 in

431 4234 622 4328 “pascuis”
673 4233 730 4305 Da
747 4234 899 4318 Clericis,
916 4243 1025 4306 testes
1046 4243 1128 4306 sunt
1149 4233 1401 4330 Hergualdus12
1422 4235 1567 4328 Episco-

466 4507 625 4561 metuant
644 4505 680 4560 Ο.
715 4506 940 4561 ²SicO.dioccoa
959 4506 997 4561 Η.
1032 4506 1360 4572 ³Sieo.insratorttom.
1381 4506 1419 4560 Η.
1455 4505 1567 4562 ⁴SicO.

431 4591 568 4663 Tipaffl.
601 4592 802 4647 vedasto,
836 4593 901 4648 ⁶Sie
913 4594 946 4649 Ο.
959 4595 1047 4647 hostio.
1061 4591 1098 4648 H.
1134 4591 1198 4648 ⁷Sic
1211 4591 1244 4646 0.
1256 4594 1416 4646 locbrimori.
1428 4592 1467 4647 H.
1502 4593 1569 4649 8Sic

431 4680 466 4735 0.
486 4681 676 4747 dampnatione.
699 4678 739 4733 Η.
781 4679 847 4734 ⁹Sic
868 4679 901 4735 Ο.
923 4682 1080 4736 desideratis.
1105 4678 1144 4734 Η.
1189 4678 1210 4718 ¹⁰
1220 4679 1263 4734 Sic
1285 4677 1319 4733 0.
1341 4681 1504 4735 lacrimabili.
1529 4679 1569 4735 Η.

430 4765 451 4805 ¹¹
462 4769 588 4820 Genaua.
608 4763 641 4818 O.
677 4763 849 4822 flammeo.
869 4767 902 4822 0.
