3450 5800
418 793 492 864 228
527 842 534 851 ·
791 810 900 861 nrnnn
924 806 1185 859 mnnsvnusls

417 981 510 1073 getis
526 977 686 1048 omnibus
698 974 831 1047 clericis
846 974 956 1044 totius
972 974 1143 1066 parochis
1154 974 1247 1045 intre
1258 972 1403 1045 ostium¹
1415 974 1564 1070 Toretyr

418 1099 456 1167 in
473 1095 555 1189 Guy
571 1102 609 1165 et
624 1090 769 1164 ostium¹
784 1087 890 1185 Τγιιὶ2
906 1092 1036 1183 positae,
1060 1100 1098 1162 et
1119 1091 1157 1162 in
1178 1091 1283 1186 pleno
1310 1090 1443 1164 Sinodo
1468 1094 1564 1187 apud
1678 1150 1684 1161 .

421 1211 637 1284 Landuviam
656 1210 742 1280 fecit
757 1207 894 1301 Regem
911 1206 1206 1279 anathematizari.
1258 1207 1307 1277 Et
1331 1208 1482 1278 relatum
1509 1219 1565 1281 est

422 1327 524 1421 Regi,
544 1335 581 1397 et
603 1323 776 1419 Episcopo
802 1320 942 1394 Sancti³
967 1321 1093 1406 David,
1120 1322 1315 1395 Lumberth
1340 1324 1490 1408 nomine,
1517 1326 1565 1396 de

421 1444 517 1514 facto
538 1442 771 1513 anathemate.
823 1438 873 1509 Et
897 1447 978 1532 post
1002 1439 1225 1528 intervallum
1249 1440 1424 1533 temporis,
1450 1440 1563 1511 missis

422 1560 547 1654 legatis
568 1559 614 1629 sd
637 1558 851 1651 Episcopum
868 1554 1005 1638 Libisu,
1023 1565 1060 1627 et
1077 1564 1221 1650 recepte
1236 1556 1419 1650 legatione,
1438 1580 1564 1629 conve-

420 1672 1115 1749 neruntinsimulinmonsstcriohnncors.
1150 1673 1200 1743 Et
1202 1672 1564 1766 judicetumestEpis-

422 1818 510 1888 copo
524 1792 650 1863 Libiuu
665 1791 826 1885 praetium
842 1788 952 1860 totius
968 1789 1108 1860 familiae
1124 1812 1203 1872 snae,
1220 1797 1263 1859 ut
1278 1790 1483 1860 redderetur
1499 1790 1563 1860 sibi

423 1908 606 2005 quinquies
620 1906 784 2004 ·(familioe
805 1906 948 1999 quidem
971 1928 1047 1999 quor
1067 1913 1154 1976 tunc
1169 1906 1336 1999 temporis
1353 1905 1468 1977 fireret
1484 1926 1564 1975 cum

423 2026 598 2119 Episcopo
615 2023 752 2115 quando
768 2021 926 2093 ablutum
942 2021 1010 2091 fuit
1027 2022 1092 2093 sibi
1108 2022 1143 2091 vi
1166 2022 1373 2093 convivium¹
1385 2020 1504 2112 suum)
1529 2027 1566 2092 et

423 2142 584 2238 praetium
605 2139 761 2231 ejusdem
781 2135 955 2231 Episcopi,
972 2146 1014 2208 ut
1034 2138 1237 2209 redderetur
1259 2138 1324 2209 sibi
1342 2138 1479 2232 septies,
1498 2136 1567 2209 hoc

424 2267 479 2330 est
496 2262 684 2327 cccccco'.
709 2276 890 2324 mancusas
914 2254 951 2324 in
973 2277 1057 2325 auro
1090 2278 1187 2347 puro.
1236 2254 1376 2326 Teudur
1413 2254 1493 2324 Rex
1513 2254 1567 2324 vi-

425 2376 511 2445 dens
527 2372 701 2465 judicium
716 2370 858 2441 sufferre
875 2393 946 2441 non
965 2393 1076 2463 posse,
1097 2394 1161 2465 per
1180 2372 1441 2443 intercessorem
1460 2392 1566 2441 suum

428 2490 644 2583 Episcopum
657 2487 852 2558 Lumberth
867 2488 1024 2580 quaesivit
1036 2487 1184 2570 venium,
1201 2509 1282 2557 cum
1299 2495 1442 2580 accepts
1455 2486 1569 2579 poeni·

428 2605 550 2689 tentis,
561 2603 708 2676 offerens
720 2601 840 2675 villum
851 2604 939 2673 Tres
947 2604 1072 2686 ceriau,
1087 2602 1175 2687 Deo,
1187 2612 1224 2675 ct
1237 2602 1375 2677 Sanctis
1388 2602 1566 2685 Dubricio,

427 2722 582 2805 Teliauo,
599 2730 637 2792 ct
651 2720 829 2804 Oudoceo,
846 2729 884 2792 ct
902 2719 1029 2791 Libiau
1046 2719 1230 2813 Episcopo,
1249 2728 1286 2790 et
1302 2720 1464 2791 omnibus
1480 2719 1568 2812 epis-

427 2839 524 2934 oopis
541 2836 726 2909 Laudaviae
742 2838 780 2907 in
792 2844 972 2931 perpetuo.
1007 2833 1103 2908 Dato
1115 2836 1181 2908 sibi
1193 2837 1303 2920 venia,
1316 2836 1453 2930 accepit
1468 2834 1570 2930 Epis·

430 2978 536 3048 copus
550 2953 676 3026 Libiuu
691 2961 820 3024 terrum
835 2952 944 3036 illam,
958 2974 1039 3023 cum
1056 2961 1211 3024 suntote
1226 2952 1389 3024 fibertate
1405 2953 1480 3024 sine
1496 2951 1569 3022 ulio

430 3094 535 3143 censu
550 3070 614 3140 ulli
629 3069 763 3140 homini
779 3077 927 3152 terreno,
945 3069 1012 3140 nisi
1028 3069 1183 3140 ecclesiae
1196 3067 1390 3152 Landauae,
1404 3077 1441 3138 et
1453 3077 1571 3160 pasto-

429 3187 525 3259 ribus
541 3186 615 3276 ejus
630 3187 668 3255 in
689 3193 869 3278 perpetuo,
887 3193 923 3255 et
941 3208 1022 3254 cum
1038 3192 1116 3256 tots
1131 3184 1375 3256 communione
1391 3185 1429 3254 in
1444 3207 1571 3278 campo

432 3310 469 3375 et
485 3302 589 3384 silvis,
602 3303 639 3372 in
655 3323 745 3395 nque
757 3309 795 3372 et
806 3301 953 3394 pascuis.
1004 3299 1101 3372 Finis
1116 3301 1210 3372 illius
1222 3309 1286 3384 est,
1304 3299 1361 3372 De
1373 3301 1430 3372 vie
1440 3322 1573 3396 magna

432 3442 509 3512 quae
525 3415 595 3489 cst⁴
611 3418 656 3488 ab
672 3426 790 3488 austro
806 3440 869 3510 per
885 3419 1044 3510 spineum
1064 3419 1200 3500 rubum,
1223 3417 1306 3488 inde
1327 3439 1437 3510 usque
1459 3417 1507 3488 nd
1527 3417 1575 3488 ri-

432 3534 554 3605 vulum
577 3530 753 3627 tangeiel,⁵
778 3557 854 3626 quae
879 3541 934 3604 est
958 3533 1002 3606 ab
1027 3534 1197 3626 aquilone,
1227 3534 1309 3604 inde
1333 3557 1396 3626 per
1420 3533 1574 3604 rivulum

433 3653 605 3723 orientem
620 3672 738 3721 versus
753 3673 864 3742 usque
881 3647 943 3720 ad⁶
959 3650 1093 3721 fontem
1110 3650 1267 3733 cheninn,
1287 3657 1410 3742 postea
1430 3673 1453 3720 e
1475 3649 1574 3722 fonte

434 3768 592 3841 Obenian
615 3790 678 3862 per
701 3766 829 3838 siccam
853 3765 981 3838 vallem
1006 3790 1083 3859 quse
1107 3766 1205 3838 ducit
1230 3789 1365 3838 sursum
1390 3789 1506 3860 usque
1530 3767 1573 3837 ad

432 3887 633 3981 praedictnm
649 3885 742 3956 viam
762 3905 927 3978 magnum
942 3885 1081 3966 iterum,
1100 3906 1176 3976 quae
1196 3892 1250 3956 cst
1272 3883 1317 3956 ab
1337 3892 1465 3954 austro.
1518 3882 1576 3955 Dc

434 4002 587 4085 Clericis,
604 4009 713 4073 testes
729 4008 811 4072 sunt
832 3999 958 4072 Libiau
979 3999 1182 4093 Episcopus,
1209 3999 1405 4096 Lumberth
1431 3998 1577 4094 Episco-

434 4141 509 4212 pus,
527 4117 675 4189 Eneuris
694 4098 891 4211 presbyter,
909 4115 1018 4187 Duun
1040 4116 1236 4210 presbyter,
1260 4115 1459 4199 Marchuid,
1483 4115 1578 4188 che-

435 4235 537 4318 renir,
556 4233 743 4327 Reueigur,
762 4233 927 4318 Dissaith,
943 4233 1073 4326 Henip,
1085 4231 1222 4317 Redun,
1234 4234 1414 4317 (innatam,
1426 4231 1580 4318 conus?

472 4668 534 4724 1su
551 4670 588 4726 0.
604 4673 724 4728 mrum.
748 4672 787 4728 n.
821 4674 885 4729 ²Sio
903 4675 936 4729 o.
956 4676 1060 4744 ruens
1084 4673 1122 4731 Η.
1156 4675 1220 4730 sse
1238 4673 1272 4730 n.
1289 4677 1375 4728 nnec
1392 4673 1477 4732 deest.
1497 4673 1583 4732 uss

435 4755 507 4809 *nn
526 4755 608 4812 roe.
630 4756 666 4813 0.
701 4761 866 4828 tramae.
891 4761 925 4816 ο.
959 4760 1024 4816 ena
1040 4762 1122 4818 rest.
1147 4761 1183 4818 o.
1217 4763 1332 4818 verme.
1350 4760 1384 4817 ο.
