3450 5800
444 810 514 880 116
810 821 918 872 urana
941 819 1200 870 naunavausrs.

444 992 634 1076 Guinabni3
646 992 727 1063 data
738 988 980 1060 bencdictione
992 984 1179 1056 servaturis
1188 983 1462 1076 elemosynamin
1475 985 1573 1075 quie·

443 1117 481 1179 ta
496 1130 592 1201 pace,
605 1106 781 1179 violaturis
793 1113 911 1175 autem
923 1104 968 1174 ab
980 1103 1075 1172 omni
1086 1124 1147 1171 ore
1159 1099 1403 1171 maledictione
1414 1100 1479 1170 sub
1491 1123 1573 1171 ana·

445 1224 611 1295 themate.
663 1222 711 1292 Et
723 1243 802 1294 oum
813 1221 940 1291 finibus
950 1220 1026 1289 istis
1038 1241 1048 1288 ι
1083 1215 1118 1288 0
1130 1216 1225 1287 blain
1237 1216 1392 1287 cubitrns
1403 1215 1573 1287 mailuan·

446 1364 525 1423 non,
544 1339 673 1411 diblain
693 1339 833 1420 dnifrut,
850 1359 890 1409 ar
907 1335 963 1405 hit
979 1333 1121 1416 duifiut,
1138 1333 1326 1426 dirgnairet
1345 1333 1407 1402 bet
1421 1333 1573 1426 gcbenni

444 1458 512 1526 trio
526 1457 644 1550 disper
658 1463 743 1526 nant
754 1451 875 1536 maur‚¹
887 1452 1041 1522 maliduc
1053 1457 1138 1521 nant
1149 1473 1249 1520 maur
1259 1449 1392 1519 diuinid
1404 1449 1574 1520 betiblain

443 1573 509 1642 inis
522 1573 600 1642 cirit
611 1595 710 1643 maur
717 1571 898 1642 trusisoirit
909 1569 946 1639 di
958 1567 1054 1638 blain
1065 1589 1141 1636 mor
1152 1566 1229 1649 duc,
1241 1564 1333 1636 arhit
1348 1565 1493 1636 morduc
1504 1565 1573 1634 dir·

441 1689 653 1780 guairettrui
665 1689 758 1769 icoit,
772 1687 825 1756 dir
835 1681 955 1768 inlen,²
966 1682 1069 1754 arhit
1079 1683 1330 1752 inantmordnc
1341 1681 1403 1753 bet
1411 1683 1573 1775 geneum,

441 1804 590 1897 geuenni
603 1804 789 1898 dirguairet
804 1803 924 1873 betirit
939 1799 1091 1883 lechauc,
1104 1823 1144 1869 or
1158 1799 1205 1868 rit
1224 1797 1420 1870 dirlechluit
1439 1799 1477 1868 in
1492 1823 1575 1870 cruc

442 1921 547 1992 bracd
569 1921 713 2016 dignern
738 1921 900 2002 idrution,
930 1916 1048 1988 diiuch
1073 1912 1245 1998 icraciou'
1269 1915 1395 1998 dicubi
1419 1915 1574 1986 malidnc

443 2037 523 2108 cubi
539 2036 680 2119 diuinid‚
698 2037 759 2106 bet
774 2034 892 2117 iblain,
909 2034 970 2104 nbi
984 2034 1125 2125 incepit.

744 2300 853 2372 Lanu
868 2299 1009 2371 rann
1026 2299 1265 2370 Onnrsmrcn.

492 2500 660 2592 Tempore
680 2500 835 2592 praedicti
858 2499 965 2594 Regis
988 2497 1086 2581 Iden,
1104 2505 1273 2568 venerunt
1293 2495 1450 2568 Saxones
1465 2498 1504 2566 in
1519 2521 1574 2570 re·

443 2620 582 2712 gionem
601 2639 699 2688 suam
719 2615 917 2710 depraedari,
935 2623 972 2686 et
991 2616 1065 2707 ipse
1081 2637 1162 2684 cum
1181 2637 1244 2684 suo
1260 2613 1416 2684 exercitu
1433 2621 1575 2684 secutus

444 2742 497 2804 est
509 2733 596 2819 illos,
609 2742 646 2804 et
658 2734 694 2803 in
706 2733 763 2803 via
774 2755 836 2802 sua
847 2733 944 2802 venit
955 2731 1000 2802 ad
1013 2730 1182 2801 Sanctum
1193 2729 1359 2813 Teliaum,
1372 2738 1574 2801 manentem

444 2859 527 2921 tunc
543 2851 707 2943 temporis
724 2871 804 2920 cum
821 2849 890 2919 suis
907 2846 1050 2918 Oleriois
1066 2847 1158 2939 apud
1174 2842 1321 2939 podum⁴
1337 2867 1438 2915 suum
1456 2845 1573 2917 Lanu-
1638 2882 1641 2886 ι

444 2967 555 3061 garth,
579 2974 615 3036 ct
637 2967 840 3058 deprecatus
862 2972 916 3034 est
938 2964 1037 3033 illum
1056 2964 1212 3046 nimium,
1231 2969 1268 3031 et
1284 2984 1403 3033 omnes
1418 2961 1574 3034 Clen'oos

445 3104 533 3165 suos,
555 3080 607 3151 ut‘
617 3104 679 3174 pro
695 3080 766 3162 illo,
784 3088 821 3151 et
844 3088 920 3150 toto
934 3081 1093 3150 exercitu
1108 3101 1170 3149 suo
1187 3076 1305 3149 Deum
1320 3079 1572 3171 deprecarenrr.

444 3197 493 3267 Et
509 3198 604 3266 venit
621 3194 769 3267 Sanctus
784 3194 922 3266 Teliaus
937 3217 1018 3266 cum
1034 3218 1076 3266 eo
1094 3218 1203 3287 usque
1219 3194 1264 3264 ad
1285 3203 1440 3265 montem
1460 3216 1573 3264 unum

442 3315 480 3382 in
495 3312 609 3382 medio
626 3311 805 3394 Orcssinic,
822 3333 929 3403 prope
940 3310 1054 3394 Trodi
1071 3318 1175 3395 stans,
1190 3318 1227 3382 et
1238 3333 1340 3381 orans
1356 3308 1471 3381 Deum
1483 3308 1575 3381 Om-

444 3428 671 3521 nipotentem,
686 3435 728 3498 ut
744 3426 873 3520 populo
885 3449 948 3497 suo
960 3426 1155 3519 depredato
1167 3434 1394 3511 succurreret
1414 3435 1452 3497 et
1467 3449 1577 3497 exau-

444 3544 517 3615 dita
532 3566 634 3637 prece
649 3566 720 3627 sua,
738 3552 775 3614 et
790 3544 917 3637 adepto
933 3566 1058 3637 magno
1079 3544 1216 3638 gaudio,
1234 3543 1340 3615 versis
1359 3543 1518 3615 hostibus
1536 3545 1577 3615 in

444 3662 572 3756 fugam,
589 3682 742 3733 reversus
755 3669 808 3731 est
821 3659 911 3743 Rex,
923 3667 1028 3752 capta
1039 3660 1166 3752 praeda3
1191 3668 1229 3731 et
1240 3668 1325 3730 tnnc
1337 3667 1408 3730 tres
1424 3656 1576 3731 modios‘

445 3786 544 3851 terrae
554 3779 644 3849 circa
653 3777 831 3848 cumulum
843 3776 952 3860 iilum,
964 3774 1094 3847 Sancto
1103 3776 1255 3859 Teliauo,
1266 3784 1304 3847 et
1314 3775 1468 3846 ecclesia
1481 3774 1576 3847 lan-

446 3894 553 3965 davioe
570 3916 650 3965 cum
670 3894 764 3964 omni
781 3892 1023 3964 communione
1039 3916 1102 3963 sua
1120 3892 1251 3975 incolis,
1273 3892 1310 3962 in
1330 3914 1455 3984 campo
1477 3897 1515 3961 et
1535 3892 1577 3961 in

444 4011 547 4095 silvis,
564 4012 601 4081 in
623 4034 712 4103 aqua
727 4018 764 4081 et
782 4010 819 4079 in
838 4010 982 4103 pascuis.
1033 4008 1091 4079 Ita
1106 4007 1464 4080 excommunicatione
1479 4007 1579 4077 facta

445 4128 489 4198 ab
505 4126 664 4197 omnibus
680 4127 910 4197 communiter
920 4124 998 4208 illis,
1015 4127 1211 4218 quicunque
1227 4123 1273 4194 ab
1288 4122 1349 4194 illa
1358 4124 1417 4194 die
1432 4124 1580 4194 inantea

445 4249 640 4335 separarent
656 4242 701 4313 ab
713 4242 857 4315 ecclesia
874 4240 1067 4324 Laudaviae,
1081 4249 1118 4313 et
1133 4263 1178 4312 ex
1194 4240 1263 4311 alia
1278 4247 1386 4332 parte,
1403 4238 1498 4311 facta
1512 4239 1579 4309 ab·

444 4358 614 4430 solutione
626 4356 694 4429 illis
709 4358 892 4429 servaturis
907 4358 997 4428 hanc
1009 4346 1250 4430 elemosinam⁰
1265 4356 1303 4426 in
1319 4378 1414 4449 pace.
1465 4354 1578 4440 Finis,

480 4652 693 4709 ¹SicO.moos.
712 4653 750 4709 H.
814 4655 922 4709 ²Vi1en.
941 4657 974 4711 0.
1037 4657 1179 4711 ⁸Icrcttou.
1203 4656 1236 4710 0.
1300 4652 1523 4709 *Pedumdeost
1542 4653 1581 4711 0.

444 4742 555 4795 ⁵Modt'o.
574 4740 607 4795 0.
659 4740 865 4809 tnumoanam.
884 4741 917 4796 0.

1443 4822 1459 4869 Ι
