3450 5800
538 814 644 866 arana
668 779 930 868 munsvnssrsss
1250 800 1295 875 87

33 938 34 943 ¹
165 982 362 1077 predictam
384 978 570 1051 eoeledam
593 976 724 1050 temere
745 980 955 1072 perturbare,
979 989 1040 1051 aut
1059 977 1149 1073 ejus¹
1167 1002 1300 1073 posses-

32 1114 33 1173 }
164 1100 271 1169 aiones
286 1097 436 1179 auferre,
455 1094 513 1166 vel
530 1094 661 1167 ablatas
677 1094 835 1179 retinere,
852 1096 1019 1180 minuere,
1036 1096 1092 1167 uel
1109 1095 1300 1167 temerariis

32 1214 33 1219 ’
165 1212 406 1284 vexationibus
422 1212 585 1305 fatigare3
610 1211 671 1281 sed
688 1211 804 1281 omnia
820 1212 862 1295 ei,
880 1235 962 1282 oum
977 1212 1147 1305 parochiae
1162 1212 1298 1293 finibus,

163 1330 295 1423 integra
317 1335 567 1399 conservemus
588 1333 662 1397 mm
683 1326 753 1397 tuis
769 1348 875 1417 quam
890 1327 1095 1399 elericorum
1110 1335 1149 1399 et
1168 1350 1299 1420 paupe-

164 1468 237 1515 rum
259 1444 382 1515 usibus
402 1443 592 1537 profutura
644 1440 752 1534 Siqua
773 1443 881 1536 igitur
895 1444 933 1513 in
949 1444 1105 1515 futurum
1121 1443 1298 1515 eeclesias·

166 1562 241 1643 ties,
258 1555 491 1633 secularisve²
506 1580 661 1652 persona,
682 1557 773 1627 hano
789 1566 915 1629 nostrae
931 1561 1186 1631 eonstitutionis
1201 1558 1297 1653 pagi·

168 1699 247 1747 nam
263 1678 382 1758 sciens,
399 1683 521 1745 contra
537 1696 615 1745 eam
631 1671 763 1745 temere
775 1676 894 1745 venire
910 1674 1121 1759 tentaverit³
1136 1676 1295 1757 seeundo,

31 1848 32 1851 ,
170 1790 332 1863 tertiove⁴
355 1790 548 1862 tentatione
569 1789 789 1872 commonita,
815 1790 939 1861 sinon
962 1791 1195 1862 satisfactione
1216 1812 1297 1861 oon-

172 1932 255 2002 grua
269 1907 510 1989 emendaverit,
527 1905 718 1999 potestatis,
736 1904 944 1999 honorisque
956 1906 1009 1978 sui
1022 1907 1192 2001 dignitate
1204 1929 1297 1977 aare·

30 2052 31 2125 g
171 2032 215 2105 ais
236 2046 398 2115 reamque
420 2045 458 2093 se
480 2022 596 2092 divino
614 2022 748 2114 judioio
770 2023 928 2106 existere,
950 2024 995 2094 de
1014 2030 1213 2116 perpetrata
1232 2022 1297 2092 ini-

30 2162 32 2231 }
169 2141 297 2232 quitata
319 2146 520 2233 cognoscam
546 2147 583 2210 et
605 2162 626 2209 a
647 2138 875 2209 saeratissimo
897 2162 1049 2233 eorpore,
1072 2147 1111 2210 et
1132 2139 1297 2233 sanguine

168 2254 239 2337 Dei,
266 2262 305 2325 et
331 2253 476 2324 Domini
504 2253 746 2346 Redemptoris
773 2255 882 2325 nostri
912 2254 1000 2327 Jesu
1028 2254 1158 2326 Christi
1184 2254 1297 2325 aliena

30 2370 31 2377 ’
167 2369 230 2452 fiat,
251 2378 363 2463 atque
379 2370 416 2439 in
432 2377 590 2441 extremo
606 2370 766 2440 examine
783 2370 948 2441 districte
963 2372 1090 2443 ultioni
1109 2371 1294 2463 subjaceat.

29 2490 30 2509 t
168 2484 305 2557 umetis
333 2494 454 2557 autem
480 2486 594 2557 eidem
623 2484 775 2557 eoelesiae
794 2487 893 2578 justa
917 2488 1132 2559 servantibus
1156 2487 1202 2558 sit
1226 2510 1296 2579 pax

168 2598 305 2671 Domini
323 2602 433 2673 nostri
450 2599 475 2673 J
476 2624 538 2673 esu
554 2600 692 2685 Christi,
714 2610 885 2694 quatenus
901 2611 939 2674 et
954 2603 1013 2673 hio
1028 2603 1181 2672 fructum
1196 2602 1295 2673 bonae

167 2717 304 2789 aetionis
325 2717 529 2810 percipiant,
555 2725 592 2788 et
616 2719 707 2811 apud
732 2716 947 2791 districtum⁶
970 2717 1134 2791 Jndioem
1157 2718 1298 2811 promia

167 2839 295 2906 eterna
311 2834 409 2929 paois
424 2833 611 2908 inveniant.
662 2833 790 2908 Amen.

209 4260 346 4332 Datum
358 4259 530 4344 Suessam,
541 4285 604 4354 per
615 4282 758 4332 manum
771 4257 966 4352 Grisogoni‚
978 4253 1116 4326 Sanotae
1130 4249 1295 4320 Romanae

28 4377 29 4442 3
163 4376 316 4448 eoelesiae
327 4375 475 4448 Diaconi
486 4377 686 4460 cardinalis,
700 4399 741 4447 ao
751 4372 1022 4453 Bibliotheoarii‚
1037 4389 1128 4440 xvir.
1141 4366 1204 4442 eal.
1220 4366 1296 4436 No-

194 4678 306 4736 uae.
341 4679 604 4751 unvamma
640 4681 704 4738 ³s10
716 4680 749 4737 o.
762 4681 930 4748 cessasse.
949 4675 988 4732 n.
1021 4671 1295 4730 mazonomo.

161 4765 269 4822 sseo.
289 4770 398 4822 eroum.
418 4766 456 4824 n.
