3450 5800
412 773 485 846 184
781 785 890 839 cmnr
913 784 1173 841 mensuruus.

410 964 561 1053 negante
583 962 625 1025 ut
646 952 759 1037 solito,
782 955 924 1047 quidam
948 954 994 1024 de
1016 954 1190 1026 sodalibus
1214 953 1305 1049 regis
1328 952 1460 1049 (clauso
1482 956 1552 1029 sibi

409 1068 671 1165 uterorirginis)
680 1069 820 1141 inflatus
829 1070 984 1165 maligno
994 1070 1170 1163 spirituet
1178 1070 1435 1164 spirituardoris
1445 1072 1552 1141 muli·
1622 1148 1624 1152 Α

409 1185 1550 1279 cbris,¹ctaccipiensfirndamentumafaecetemcritatis,etluxuria

408 1305 527 1388 livore,
545 1304 695 1396 quadam
712 1302 769 1371 die
790 1302 828 1372 in
844 1309 973 1373 venatu
989 1303 1117 1373 occidit
1130 1301 1266 1397 Regem
1283 1300 1431 1385 (ilitauc,
1448 1304 1552 1373 inno-

411 1428 562 1503 centem,
583 1418 682 1489 uelut
707 1418 807 1511 pium
826 1441 968 1512 agnum,
984 1419 1093 1510 juxta
1108 1416 1240 1489 flumen
1257 1415 1401 1511 Mingni
1422 1440 1550 1511 expec-

408 1543 544 1609 tantem
556 1541 762 1605 venatorum
773 1543 995 1618 conuentum,
1010 1542 1047 1605 et
1064 1542 1184 1606 tamen
1196 1535 1302 1606 verbe
1318 1534 1405 1605 sacri
1418 1534 1549 1627 eloquii

409 1675 491 1723 cum
512 1674 648 1724 summa
663 1652 849 1723 devotione
870 1652 1182 1745 praemeditantem.
1232 1649 1410 1721 Defuncto
1428 1674 1480 1735 eo,
1499 1652 1549 1722 fa·

407 1768 560 1859 miliares
575 1768 649 1849 viri,
668 1774 705 1837 et
721 1768 970 1860 compatriota,
989 1776 1026 1838 et
1042 1766 1264 1838 nobilissimae
1282 1767 1471 1859 parentelae
1486 1791 1550 1860 po·

407 1883 553 1978 pulares‚
564 1883 698 1975 junctis
714 1882 826 1953 bobus
841 1884 977 1955 feretris
994 1892 1175 1976 coeperumt
1191 1906 1315 1975 corpus
1331 1883 1376 1953 de
1392 1883 1470 1953 loco
1488 1907 1549 1954 au-

406 2000 507 2083 ferre‚
524 2008 562 2071 et
579 2000 706 2069 vedum
724 1996 894 2093 Myngui'
909 2000 1066 2082 transire,
1083 1999 1174 2071 etin
1191 1998 1259 2069 alia
1277 2006 1378 2091 parte
1394 1996 1548 2070 fluminis

407 2123 588 2209 coepenmt
605 2116 694 2208 juga
716 2115 824 2184 boum
846 2115 1006 2208 dirumpi,
1030 2123 1067 2185 et
1090 2114 1197 2186 boves
1220 2122 1321 2197 stare,
1343 2116 1431 2185 adeo
1454 2116 1548 2206 quod

406 2254 585 2324 nunquam
608 2230 652 2301 de
675 2229 752 2302 loco
768 2230 829 2301 illo
845 2254 916 2323 prae
938 2232 1046 2301 nimia
1068 2231 1219 2323 corporis
1241 2230 1428 2325 grevedine
1446 2238 1549 2321 pote-

405 2356 485 2419 rant
501 2370 625 2439 corpus
646 2368 797 2430 movere,
814 2347 972 2439 quamvis
989 2344 1078 2440 saepe
1095 2346 1212 2441 ligetis
1232 2346 1414 2439 torquibus
1433 2354 1471 2415 et
1491 2345 1550 2415 fu-

407 2464 519 2546 nibus,
535 2471 656 2534 tumen
677 2464 788 2557 ruptis
805 2463 1126 2547 innumerabilibus,
1143 2485 1184 2533 ac
1202 2462 1231 2533 si
1247 2463 1370 2558 igneus
1387 2462 1550 2534 obstabat

406 2578 545 2673 globus3
565 2580 618 2649 itc
628 2601 807 2672 nunquam
818 2580 926 2651 boves
938 2580 1127 2649 movebant
1139 2600 1275 2673 gressus
1287 2579 1446 2671 quamuis
1458 2578 1550 2648 mul-

406 2695 520 2789 tiplex
541 2696 661 2767 aderat
683 2695 854 2767 stimulus.
906 2694 956 2766 Et
972 2694 1171 2766 videntibus
1188 2695 1359 2778 omnibus,
1382 2703 1421 2765 et
1439 2696 1550 2766 admi-

406 2813 573 2897 rantibus,
589 2812 756 2884 remansit
772 2834 896 2906 corpus
918 2811 956 2880 in
978 2811 1055 2882 loco
1072 2811 1138 2881 sibi
1156 2820 1348 2906 praeparato
1365 2811 1550 2896 divinitus

407 2937 445 2999 et
460 2929 609 3023 populus
621 2929 741 3000 statim
757 2937 900 3023 propter
911 2928 1021 3000 vitam
1036 2927 1244 3020 praeclaram,
1259 2951 1365 3020 quam
1377 2929 1415 2998 in
1427 2936 1550 2999 sancto

405 3045 480 3115 riro
500 3045 715 3137 praeviderat,
736 3052 774 3116 ct
795 3045 1028 3126 sanctitatem,
1046 3051 1084 3115 et
1101 3043 1208 3115 finem
1225 3043 1372 3113 ductum
1389 3044 1435 3114 ad
1451 3066 1550 3114 coro-

405 3181 490 3230 nam
510 3161 676 3254 mnrtyrii,
693 3167 826 3254 etpost
842 3160 958 3242 finem,
979 3158 1175 3230 mirabilem
1187 3159 1369 3230 levitatem
1384 3160 1547 3252 corporis,

405 3276 444 3345 in
460 3277 613 3348 secundo
628 3278 836 3371 gravitatem
852 3277 1007 3360 nimiam,
1025 3285 1063 3347 et
1079 3275 1306 3359 immobilem,
1316 3275 1435 3346 laudes
1450 3283 1552 3346 retu-

405 3389 449 3462 lit
462 3389 556 3476 Deo;
579 3401 616 3465 et
628 3395 702 3464 visa
713 3393 876 3464 columna
887 3393 978 3487 ignis
990 3394 1027 3463 in
1040 3393 1199 3485 sequenti
1212 3400 1326 3475 nocte,
1341 3393 1385 3462 de
1396 3391 1548 3475 tumulo,

404 3515 486 3601 post
501 3508 716 3601 sepulturam
732 3509 940 3603 placabilem
953 3508 1042 3580 Deo.
1086 3507 1135 3578 Et
1145 3509 1275 3592 stetim,
1289 3507 1432 3579 consilio
1447 3505 1549 3602 Epis-

405 3623 484 3716 copi
496 3622 691 3708 Landariae‚
708 3634 746 3696 et
758 3625 851 3708 cleri,
863 3626 1048 3697 fundatum
1059 3632 1113 3696 est
1125 3625 1174 3695 ibi
1187 3622 1376 3707 oraculum,
1391 3632 1430 3695 et
1442 3623 1549 3695 bene-

404 3739 539 3810 dictum
561 3740 741 3836 aspergine
763 3765 861 3834 aquae
873 3742 1053 3812 inhonore
1069 3741 1230 3834 martyris
1247 3740 1414 3825 Olitauci;
1443 3748 1482 3812 ct
1502 3741 1546 3813 ab

403 3854 465 3926 illa
481 3857 538 3928 die
554 3857 661 3951 coepit
682 3858 779 3929 locus
798 3881 861 3951 pro
878 3858 982 3930 beato
998 3865 1150 3950 martyre
1166 3856 1332 3929 venerari.
1384 3856 1548 3940 Quadam

404 3970 463 4042 die
478 3981 649 4044 venenmt
665 3974 735 4044 duo
751 3975 815 4043 viri
841 3975 886 4046 de
909 3974 1093 4046 Lannerch
1117 3973 1201 4067 glas,
1213 3975 1306 4044 inter
1317 3995 1355 4043 se
1378 3972 1470 4055 irati,
1493 3970 1547 4043 et³

404 4086 578 4173 dixerunt,
598 4099 618 4129 “
627 4090 896 4173 Concordem,
915 4099 952 4161 et
968 4091 1152 4161 tendamus
1164 4091 1209 4161 ad
1222 4088 1347 4172 Matle,
1362 4089 1547 4160 ecclesiam

406 4201 559 4275 “Sancti
578 4203 743 4288 Dubritii‚
766 4214 803 4276 et
825 4206 930 4276 simul
946 4207 1105 4298 juremus
1128 4228 1231 4299 super
1247 4205 1356 4275 altare
1378 4203 1484 4288 illius,
1506 4213 1548 4275 ut

405 4319 544 4390 “oblito
560 4320 698 4392 inuidia
719 4320 837 4405 livore,
854 4322 926 4416 imo
936 4321 1062 4414 juncto
1079 4322 1220 4406 foedere,
1238 4342 1376 4414 semper
1398 4321 1550 4392 amodo
1605 4301 1609 4310 ’

405 4432 542 4506 “simus
558 4435 704 4507 firmiter
720 4437 833 4521 amici,
850 4438 888 4507 in
908 4437 1061 4510 fraterna
1075 4438 1192 4530 pace.”
1243 4437 1414 4522 Quicum
1433 4437 1472 4508 in
1490 4437 1547 4507 via

526 4735 672 4794 litatio-u.
690 4739 724 4795 0.
758 4740 894 4811 'Minout
913 4742 947 4798 0.
982 4742 1036 4798 ³lit
1046 4739 1232 4798 intemerati
1241 4741 1375 4796 dixeram.
1392 4737 1428 4793 0.
