3450 5800
420 771 490 842 122
788 789 897 840 arans
920 787 1178 838 nauosrsusrs.

417 955 577 1041 Quadam
595 955 670 1024 vice
688 953 836 1025 Sanctus
852 951 990 1026 Teliaus
1011 956 1056 1026 ad
1073 978 1132 1025 eos
1153 954 1249 1023 venit
1271 952 1469 1024 desiderans
1490 977 1551 1024 eo-

416 1095 494 1143 rum
510 1072 806 1142 conversationem
818 1071 957 1141 visitare
969 1071 1168 1163 frequenter
1178 1068 1372 1161 hospitatus
1383 1067 1455 1140 est¹
1467 1091 1550 1140 cum

415 1188 494 1271 illis,
515 1197 557 1257 ut
573 1201 657 1258 cum
670 1188 859 1280 discipulis;
885 1196 922 1256 et
941 1188 978 1256 in
996 1183 1115 1257 solito²
1131 1208 1220 1256 unus
1239 1187 1284 1255 de
1301 1185 1465 1256 fratribus
1484 1187 1551 1256 ivit

417 1305 463 1375 ad
484 1326 610 1396 aquam
630 1311 771 1397 propter
791 1304 911 1396 pisces,
935 1303 995 1394 qui
1011 1321 1075 1372 vn.
1100 1302 1160 1396 (od
1181 1324 1364 1371 numemm
1386 1301 1548 1390 fratrum)

418 1421 551 1490 invenit
575 1442 677 1511 super
701 1419 905 1511 praedictum
929 1441 1062 1501 saxum,
1087 1427 1125 1488 et
1144 1441 1254 1488 unum
1275 1417 1457 1513 (majorem
1481 1418 1551 1488 illis

418 1533 497 1625 vu.)
515 1543 686 1619 octavum,
701 1557 786 1626 quos
803 1558 923 1604 omnes
939 1535 1082 1604 domum
1097 1535 1257 1617 adduxit3
1282 1541 1320 1604 et
1335 1534 1418 1604 inde
1432 1535 1551 1603 mirati

419 1660 501 1724 sunt
522 1651 653 1733 fratres,
675 1660 715 1721 ut
737 1651 872 1734 dicitur,
899 1649 1103 1721 “Mirabilis
1123 1650 1221 1721 Deus
1243 1652 1280 1720 in
1301 1651 1430 1720 sanctis
1450 1649 1550 1720 suis.”

419 1768 489 1854 Qui
501 1767 590 1838 bene
603 1774 838 1860 cognoverrmt
850 1768 943 1859 quod
959 1774 1100 1860 propter
1111 1767 1354 1869 advenientem
1365 1765 1550 1858 hospitem,

419 1884 588 1955 Sanctum
606 1879 763 1954 Teliaum
783 1891 968 1976 patronum
990 1906 1100 1966 suum,
1118 1891 1155 1953 et
1175 1883 1389 1976 magistrum,
1407 1881 1554 1952 Creator

420 2002 575 2072 omnium
597 2001 707 2091 pisces
727 1999 1002 2091 multiplicasset.
1053 1998 1102 2068 Et
1117 2006 1301 2092 postquam
1318 1999 1392 2068 dies
1409 2005 1446 2067 et
1462 2007 1555 2068 tem·

419 2140 504 2210 pora
519 2115 677 2208 religiose
698 2115 758 2184 diu
778 2115 815 2185 in
832 2116 908 2185 loco
922 2115 982 2186 illo
995 2116 1178 2197 duxenmt,
1196 2122 1234 2184 et
1250 2114 1318 2184 alio
1333 2114 1446 2183 multo
1462 2122 1554 2183 tem-

420 2255 503 2325 pore
516 2253 596 2300 cum
609 2232 712 2300 beato
723 2229 891 2301 Dubricio
904 2233 1096 2302 conversati
1108 2238 1198 2313 sunt,
1209 2232 1304 2300 misit
1317 2253 1375 2300 eos
1387 2230 1433 2300 ad
1444 2229 1555 2299 alium

421 2347 537 2418 locum
549 2369 649 2416 suum
663 2347 722 2439 qui
735 2354 879 2417 vocatur
891 2346 1038 2417 Mathm
1053 2348 1091 2417 in
1102 2347 1298 2439 Pepitiauc;
1323 2354 1361 2416 et
1376 2347 1426 2416 ibi
1438 2347 1556 2415 vocati

421 2470 503 2534 sunt
519 2462 608 2533 seith
626 2461 726 2533 Seint
744 2461 902 2532 Mathru
953 2463 1002 2533 Et
1018 2472 1203 2556 postquam
1218 2464 1267 2533 ibi
1287 2486 1350 2554 per
1365 2462 1460 2532 aliud
1476 2485 1557 2555 spa·

422 2579 510 2648 tium
526 2580 651 2650 morati
664 2588 758 2662 sunt;
783 2579 865 2650 inde
878 2589 1046 2651 venenmt
1058 2581 1103 2651 ad
1115 2576 1268 2651 Cenard³
1280 2602 1389 2662 maur,
1402 2579 1463 2649 ubi
1478 2602 1556 2649 mo-

421 2696 488 2766 rati
510 2702 591 2766 sunt
609 2718 718 2787 usque
734 2696 779 2766 ad
797 2696 903 2767 finem
919 2695 1037 2766 obitirs
1057 2696 1124 2780 sni3
1149 2703 1315 2767 ettotam
1330 2704 1461 2766 terram
1477 2695 1558 2766 illo-

421 2835 499 2883 rum
517 2810 665 2882 Mathru
673 2821 709 2882 11
722 2810 894 2882 Cenarth³
906 2835 1014 2895 maur,
1029 2812 1159 2883 Sancto
1172 2813 1324 2883 Patrono
1336 2835 1400 2882 suo
1412 2809 1557 2884 Teliauo

422 2937 459 3000 et
474 2931 648 3022 magistro,
667 2936 704 2999 et
720 2928 873 3000 ecclesiae
891 2929 1085 3013 Landariae,
1099 2937 1136 3000 et
1151 2930 1345 3024 pastoribus
1361 2932 1431 3000 suis
1443 2931 1559 3000 omni·

423 3045 487 3115 bus
503 3046 540 3114 in
556 3053 725 3137 perpetuo
743 3046 921 3128 dedemnt,
940 3048 1045 3117 verbo
1061 3055 1099 3117 11
1114 3069 1283 3117 consensu
1299 3046 1406 3140 Regis
1420 3044 1557 3129 Airool,

423 3167 460 3229 et
470 3160 672 3253 Principum
685 3184 839 3245 suorum3
865 3163 990 3254 quibus
1001 3163 1075 3255 ipse
1088 3171 1196 3233 terras
1208 3162 1285 3233 illas
1298 3163 1438 3233 dederat
1449 3185 1559 3254 prop-

423 3283 478 3346 ter
499 3278 720 3347 sanctitatem
742 3300 872 3360 eorum,
898 3280 935 3347 in
956 3280 1166 3371 sempiterna
1188 3280 1451 3360 consecratione,
1477 3280 1558 3350 sine

423 3391 496 3462 ullo
513 3415 618 3463 censu
638 3392 702 3462 ulli
723 3392 855 3462 homini
877 3402 1024 3477 terreno,
1045 3396 1111 3465 nisi
1128 3393 1216 3478 Deo,
1234 3403 1272 3466 et
1293 3394 1455 3466 fratribus
1473 3393 1557 3479 illis,

424 3517 461 3579 et
479 3507 608 3579 Sancto
624 3508 767 3579 Teliauo
783 3532 863 3579 cum
881 3511 975 3579 omni
995 3533 1058 3581 sua
1077 3511 1249 3593 libertate,
1271 3512 1309 3579 in
1325 3534 1448 3603 campo
1465 3518 1503 3580 11
1519 3512 1560 3580 in

423 3624 527 3706 silvis,
553 3624 590 3693 in
612 3648 702 3717 aqua
723 3633 760 3695 11
782 3626 818 3695 in
840 3629 984 3718 pascuis,
1010 3626 1103 3697 facta
1127 3627 1487 3698 excommunicatione
1511 3627 1559 3697 ab
1613 3690 1621 3703 .

424 3742 593 3823 omnibus,
615 3764 685 3812 uno
707 3765 775 3824 ore,
797 3744 1003 3834 separaturis
1023 3743 1107 3814 istas
1123 3752 1232 3814 terras
1248 3745 1292 3815 ab
1308 3741 1560 3814 Archimonas-

425 3857 513 3928 terio
531 3855 724 3941 Landaviae,
751 3866 788 3930 et
809 3882 831 3929 a
851 3860 1046 3950 pastoribus
1069 3860 1162 3931 illius
1181 3862 1219 3930 in
1241 3868 1425 3954 perpetum
1451 3860 1560 3931 bene-

425 3972 576 4045 dictione
592 3983 710 4045 autem
726 3976 919 4047 servaturis.
969 3974 1097 4047 Amen.

528 4692 692 4755 1111111111.
711 4700 747 4753 Ο.
782 4700 1236 4772 ’111111111111111111110.
1270 4704 1456 4759 30111110,
