3450 5800
526 797 634 850 mura
657 795 918 847 nannavuusra
1246 779 1293 853 73

150 979 182 1041 et
201 992 267 1063 pro
289 966 575 1038 remuneratione
600 964 709 1035 futuri
733 963 876 1064 praemii,
903 972 1052 1055 quatuor
1075 964 1195 1036 uncias
1219 965 1294 1059 agri

25 1072 26 1079 ἵ
150 1086 289 1167 Conloc,
303 1106 410 1176 super
421 1084 535 1175 ripam
548 1080 639 1175 Guy,
653 1080 743 1150 infra
754 1080 904 1151 insulam
917 1080 1050 1165 Ebsdil,
1063 1105 1173 1175 usque
1186 1084 1295 1155 Cum-

151 1204 271 1273 barruc
293 1198 557 1281 Ynistratdour,
583 1197 658 1268 sine
678 1196 750 1267 ullo
773 1219 880 1267 censu
899 1196 1033 1268 homini
1054 1206 1201 1284 terreno,
1226 1205 1293 1275 nisi

152 1317 336 1387 Laudaviae
354 1313 630 1407 Archiepiscopo
648 1312 825 1395 Dubricio,
844 1323 882 1384 et
899 1314 969 1384 ouis
985 1319 1237 1391 successoribus
1257 1322 1296 1392 iu

151 1441 329 1527 perpetuo.
382 1429 440 1502 De
454 1430 607 1511 Clericia
625 1438 733 1500 testes
750 1436 832 1501 sunt
850 1427 1039 1501 Dubriciua
1051 1431 1295 1528 Archicpisco-

154 1572 225 1643 pus,
239 1548 424 1643 Arguiatil,
435 1546 601 1629 Uueibin‚
610 1543 636 1615 J
637 1569 737 1629 ouan,
750 1544 939 1638 Lunapius,
951 1545 1123 1631 Couuren
1134 1549 1295 1637 Guruam

25 1668 26 1683 ³
157 1667 200 1736 de
210 1666 407 1745 laicisvero,
423 1663 566 1756 Pepiau,
580 1670 617 1732 et
630 1661 693 1731 filii
707 1663 780 1754 ejus
791 1661 926 1744 Cinust,
940 1671 978 1733 et
988 1662 1127 1747 Guidei,
1139 1674 1176 1736 et
1188 1668 1296 1739 haere-

160 1782 220 1851 doe
230 1780 366 1863 Conloc
378 1778 548 1873 Congual,
560 1786 596 1849 et
608 1777 713 1848 multi
726 1778 785 1847 alii
797 1778 840 1848 de
853 1778 1054 1849 melioribus
1066 1782 1175 1852 totius
1186 1786 1296 1878 regui.

25 1922 26 1939 r
161 1897 231 1982 Qui
246 1898 283 1966 in
298 1896 362 1967 hoc
378 1896 470 1965 dono
487 1894 706 1989 sacrilegium
724 1893 881 1978 fecerint,
898 1904 1115 1967 execrentur.
1166 1897 1295 1971 Amen.

583 2162 711 2234 Poura
728 2161 867 2233 Tmou.

201 2363 391 2458 Regnantc
412 2360 656 2456 Merchguino‚
679 2361 752 2431 filio
770 2360 892 2445 Glivis,
915 2361 1110 2434 immolavit
1128 2365 1297 2439 Guorduc

158 2480 257 2551 filiam
278 2502 383 2551 suam
405 2478 525 2549 Dulon
541 2478 712 2572 virginem
728 2476 1003 2571 Archiepiscopo
1021 2477 1187 2552 Dubritio
1205 2482 1299 2554 Lau-

159 2596 310 2668 utensis
333 2595 501 2678 ecclesia,
525 2616 629 2688 quam
653 2594 867 2665 consecravit
889 2596 1093 2679 monialem3
1119 2598 1210 2668 datio
1232 2601 1299 2670 sibi

160 2722 302 2805 quatuor
317 2712 448 2783 modiis
464 2711 536 2806 agri
559 2710 596 2780 in
617 2711 829 2803 sempiterna
845 2712 1113 2796 consecratione,
1135 2714 1209 2783 aine
1226 2714 1299 2785 ullo

159 2853 257 2902 censu
272 2828 413 2901 homini
429 2838 567 2899 terreno
580 2826 646 2897 nisi
663 2826 751 2911 Deo,
766 2834 803 2897 ot
816 2826 1090 2921 Archiepiscopo
1104 2827 1300 2915 Laudaviae,

161 2955 283 3017 etcum
297 2946 396 3018 omui
410 2946 581 3039 dignitate
594 2967 664 3027 sua,
679 2953 716 3014 et
727 2944 902 3026 libertate,
916 2951 954 3013 et
967 2934 1212 3016 communione
1224 2954 1302 3017 tota

161 3065 303 3157 regionis
317 3061 457 3144 Guhiri‚
476 3062 513 3130 in
526 3081 649 3153 campo
662 3067 700 3130 et
716 3060 753 3129 iu
766 3059 870 3142 silvie,
884 3059 921 3129 iu
937 3083 1028 3151 aqua
1044 3069 1081 3130 et
1097 3061 1134 3129 in
1150 3063 1299 3154 pascuis3

161 3187 307 3250 testante
325 3177 600 3270 Archiepiscopo
619 3174 794 3258 Dubritio,
812 3184 850 3246 et
871 3184 1042 3269 presente
1058 3201 1139 3247 cum
1156 3177 1301 3250 Clericis

161 3294 424 3376 urisUbelinuo,
436 3291 678 3386 Merchguiuo
691 3291 850 3362 Cuelino.
882 3290 939 3362 Dc
947 3292 1043 3363 laicis
1053 3317 1144 3377 vero,
1157 3293 1302 3366 Merch-

165 3411 284 3501 gainus
299 3409 389 3492 Rex,
409 3408 567 3492 Matouc,
587 3407 694 3492 Garu,
717 3407 865 3502 Lugobi,
890 3408 1039 3492 Luuaet,
1061 3418 1099 3480 et
1120 3409 1181 3480 alii
1201 3411 1303 3480 inuu-

168 3525 340 3596 merabilce
355 3535 467 3596 testes
484 3533 575 3596 sunt.
626 3524 737 3595 Facta
753 3525 999 3596 maledictione
1015 3527 1060 3599 ab
1073 3527 1168 3596 omni
1181 3550 1250 3610 ore,
1265 3535 1303 3598 et

169 3642 521 3712 excommunicatione
535 3641 696 3712 omnibus
711 3641 775 3724 his,
790 3643 988 3734 quicunque
1001 3643 1098 3713 illam
1115 3651 1244 3713 terram
1257 3644 1302 3714 ab

168 3755 310 3827 ecclaria
325 3757 518 3841 Laudaviae,
537 3766 575 3829 et
591 3782 613 3828 a
630 3758 826 3851 pastoribus
848 3759 951 3841 illius,
974 3758 1020 3829 ab
1041 3757 1103 3828 illo
1123 3759 1161 3827 in
1183 3758 1302 3829 futuro

25 3921 27 3988 ζ
163 3877 402 3968 separaverint.
439 3874 569 3946 Amen.
606 3872 833 3946 Datoautcm
849 3874 1094 3946 benedictione
1107 3873 1301 3945 servaturis.

573 4141 631 4213 Du
649 4142 757 4214 Purus
773 4141 898 4214 Aaou.

208 4341 246 4412 N
249 4367 293 4414 oe
304 4342 399 4412 filius
411 4341 557 4428 Arthur‚
574 4342 724 4436 implens
736 4341 901 4436 apostolil
917 4342 1133 4424 mandatum,
1147 4341 1305 4423 dicentis,

163 4456 288 4530 “Date
304 4468 342 4530 et
361 4458 503 4530 dabitur
519 4459 646 4542 vobis‚'’
674 4462 725 4554 (et
747 4459 830 4530 alibi
851 4459 988 4543 dicitur,
1016 4457 1178 4528 “Manus
1198 4457 1307 4550 porri-

571 4746 637 4804 ¹Sic
655 4747 689 4804 Ο.
706 4747 846 4818 opootoiici.
866 4743 904 4800 H.
