3450 5800
529 811 638 862 nunus
662 809 922 862 nnunnvunsls.
1034 779 1037 782 ’
1222 796 1294 868 201

158 983 215 1068 cis,
245 981 396 1054 Athruis
421 979 502 1050 Rex
526 977 618 1048 filius
644 973 817 1060 Fernucil,
844 977 1002 1064 Loubrit,
1028 979 1164 1067 Rinual,
1191 982 1296 1068 Scrir,

159 1094 394 1182 Guernabue,l
410 1094 546 1179 collon,
564 1093 691 1165 Cinim.
743 1091 839 1165 Finis
862 1094 957 1167 illius
980 1104 1045 1180 est,
1064 1099 1157 1170 inter
1180 1101 1298 1185 distin,
1406 1089 1409 1092 ’

159 1225 193 1289 et
216 1217 373 1298 liminnn,
395 1233 507 1306 usquc
523 1210 653 1282 vellem
672 1208 851 1293 Menochi,
876 1213 921 1283 de
941 1213 1034 1284 valle
1056 1213 1224 1288 Mercent
1242 1240 1300 1290 us-

4 1323 6 1422 J
161 1357 227 1427 que
247 1333 293 1404 ed
315 1332 451 1402 fontem
467 1327 655 1398 Bonnliuen
672 1325 762 1396 clivo
775 1325 927 1400 ducente
942 1330 988 1400 od
1002 1332 1154 1404 rivulum
1171 1333 1301 1406 Penlu-

4 1479 6 1504 =
160 1474 232 1534 cnn,
255 1451 309 1520 dir
325 1447 400 1543 pull
415 1446 482 1516 rud
498 1443 598 1515 dulin
614 1444 765 1514 ducente
780 1465 892 1536 usque
908 1445 1024 1517 distin
1075 1447 1302 1544 Quicunque²

4 1567 5 1642 Ῑ
161 1566 374 1649 custodierit,
400 1562 607 1635 benedictus
632 1560 692 1644 sit3
718 1560 779 1652 qui
796 1560 987 1646 violaverit,
1011 1565 1219 1638 maledictus
1243 1569 1298 1638 sit

163 1681 304 1754 Annen³

465 2015 468 2022 ,
599 1939 677 2012 Dm
693 1939 865 2013 anion.

210 2143 373 2216 Oinuelin
388 2143 480 2214 filius
493 2141 624 2224 oonuc,
641 2139 837 2212 immolavit
853 2139 943 2227 Deo,
960 2151 998 2213 et
1015 2141 1154 2215 Sanctis
1171 2143 1302 2217 Dubri-

165 2260 224 2344 cio,
242 2261 396 2344 Teliauo,
413 2267 451 2330 et
469 2257 645 2339 Oudoceo,
664 2257 755 2328 etin
774 2281 883 2328 menn
900 2257 1104 2353 Catgusreti
1125 2261 1300 2356 Episcopi,

164 2387 199 2448 et
213 2378 375 2449 omnibus
391 2375 562 2469 episcopis
575 2373 771 2458 Lendaviae,
786 2373 859 2446 Din
877 2374 1025 2460 Birrion‚
1042 2378 1149 2450 verbo
1166 2386 1204 2450 et
1219 2403 1303 2452 con·

164 2516 262 2565 sensu
287 2492 396 2588 Regis
415 2491 518 2562 Rotri
543 2488 625 2561 filii*
640 2489 796 2574 Judheii,
814 2513 896 2561 cum
919 2491 1032 2563 tribus
1048 2494 1173 2564 modiis
1189 2503 1300 2580 tcrroe,

164 2619 199 2680 et
219 2633 301 2680 cum
324 2607 388 2680 sui
409 2605 487 2678 toti
502 2606 674 2690 libertate,
693 2615 730 2677 et
746 2608 842 2678 omni
859 2609 1104 2679 communione
1120 2611 1158 2679 in
1177 2633 1301 2705 campo

165 2727 258 2797 etin
282 2725 387 2808 silvis,
413 2725 450 2794 in
475 2721 581 2816 aque⁵
606 2731 643 2794 et
667 2724 705 2792 in
728 2724 875 2816 pascuis.
926 2723 984 2795 De
1013 2722 1167 2809 clericis,
1193 2734 1302 2798 testes

164 2851 241 2914 sunt
256 2842 449 2939 catgunsct
467 2838 669 2935 Episcopus,
687 2839 837 2925 Guodel,
856 2839 968 2925 Iulio,
987 2840 1178 2936 Guoropui.

616 3105 852 3179 Gunuunuc.⁶

214 3309 276 3380 Ris
301 3307 382 3379 Rex
406 3306 498 3377 filius
522 3305 677 3388 Judhnl,
702 3305 849 3401 lungitus
874 3314 929 3378 est
951 3306 1072 3378 villum
1097 3307 1306 3381 Gnernduc⁸

169 3446 247 3493 cum
260 3444 314 3494 Ιχ.
327 3424 454 3495 modiis
471 3430 572 3494 terrae
587 3445 651 3515 pro
668 3422 783 3493 salute
799 3424 924 3494 onimae
940 3446 1020 3508 suae,
1039 3424 1128 3509 Deo,
1142 3433 1180 3497 et
1196 3425 1306 3498 Sanc·

169 3539 218 3609 tis
236 3538 409 3623 Dubricio,
427 3538 581 3623 Telieuo,
599 3548 636 3610 et
653 3538 831 3623 Oudoceo,
850 3547 888 3609 et
909 3541 948 3610 in
968 3562 1077 3611 manu
1099 3540 1305 3636 Oatguareti

167 3654 339 3749 Episcopi,
355 3664 394 3727 et
410 3656 567 3727 omnium
584 3656 825 3750 episcoporum
850 3655 1037 3728 Landosiae
1061 3659 1100 3728 in
1123 3666 1303 3751 perpetue,

166 3794 248 3843 cum
264 3795 325 3844 sua
339 3780 417 3843 toto
432 3772 605 3855 libertate,
623 3775 698 3843 sine
713 3771 787 3843 ullo
804 3795 920 3855 censu,
937 3796 1065 3867 magno
1082 3773 1139 3845 vel
1154 3774 1304 3858 modico,

164 3888 229 3960 ulli
253 3888 387 3959 homini
412 3896 560 3971 terreno,
579 3889 645 3960 nisi
662 3888 816 3959 ecolesiae
834 3887 1030 3973 Lmdaviae,
1048 3898 1086 3960 et
1109 3891 1306 3984 pastoribus

164 4007 252 4100 ejus;
278 4014 316 4077 et
333 4006 419 4077 fecit
435 4005 535 4075 illum
551 4028 675 4100 agrum
695 4004 871 4099 refugium
890 4004 1138 4090 habitantibus,
1156 4014 1194 4077 et
1209 4006 1308 4077 hebi-

162 4120 313 4206 taturis,⁷
329 4130 367 4193 ct
388 4122 604 4215 requisituris
621 4143 828 4214 quocunque
845 4122 890 4192 de
906 4144 1010 4193 causa
1030 4123 1149 4217 gaudii
1165 4131 1228 4194 aut
1250 4123 1308 4193 lec-

162 4240 250 4310 titioe
276 4238 352 4309 sine
376 4238 457 4310 fine.
508 4237 566 4309 Dc
584 4237 739 4322 Clericis,
760 4244 870 4309 testes
891 4246 973 4308 sunt
993 4237 1186 4335 Gatgunset
1206 4236 1308 4333 Epis-

163 4377 282 4450 copus,
310 4352 468 4438 Samson,
487 4353 623 4439 Gurtri,
642 4353 835 4449 Gucngnlc,
853 4354 991 4438 Teicen,
1011 4354 1162 4450 Ungust,
1185 4352 1308 4427 Gloui-

198 4584 365 4641 mmm.
383 4584 418 4640 0.
452 4584 534 4653 ecce.
553 4584 587 4642 o.
622 4584 687 4642 κείω
705 4585 739 4641 0.
760 4587 811 4654 cuc
828 4586 962 4641 sonmo
977 4586 1129 4640 muscus
1144 4589 1189 4641 oc.
1223 4591 1311 4645 nmen

162 4671 271 4815 ἓξὲξ.
287 4671 332 4814 ξ.
366 4670 431 4728 *Sic
443 4671 573 4741 Ofilius.
592 4672 631 4730 Η.
666 4674 909 4744 Mouniccilcic.
928 4672 962 4728 0.
996 4672 1198 4729 montano.
1233 4676 1311 4730 7Ηα-
