3450 5800
446 820 496 891 44
820 831 928 885 mssa
953 824 1213 879 naunsvnusm.

448 1005 472 1076 J
474 1027 535 1076 esu
553 1002 692 1084 Christi,
711 1007 882 1093 quatenus
898 1004 936 1067 et
951 995 1010 1065 hio
1027 993 1180 1063 finctum
1200 993 1300 1063 bonoe
1316 990 1462 1060 actionis
1478 990 1591 1081 perci-

448 1124 555 1215 piant,
569 1127 607 1190 et
619 1118 713 1212 apud
725 1116 921 1188 districtum
934 1110 958 1182 J
959 1111 1099 1182 udicem
1114 1110 1257 1202 praemia
1273 1116 1409 1178 aeternae
1426 1106 1522 1199 pacis
1537 1108 1592 1175 in-

450 1238 601 1308 veniant.
652 1233 780 1304 Amen.
833 1228 961 1300 Amen.
1012 1226 1141 1297 Amen.

506 2865 589 2939 Dat.
605 2866 769 2938 Laterani
786 2889 849 2958 per
860 2888 1004 2936 manum
1016 2861 1186 2934 Aimerici
1204 2860 1343 2935 Sanctae
1355 2861 1523 2933 Romanae
1540 2886 1598 2934 ec·

457 2984 568 3054 olesioe
586 2981 735 3054 Diaconi
752 2982 854 3053 Oard.
874 2992 912 3052 et
924 2980 1078 3052 Cancell.
1097 2977 1598 3072 non.Apr.indict.v11.anu0

456 3100 701 3170 incarnationis
727 3097 937 3168 Dominicae¹
962 3103 1202 3167 u.c.xxv1111⁰.
1229 3095 1452 3189 pontificatus
1477 3103 1599 3166 autem

457 3215 589 3285 domini
607 3212 757 3285 Honorii
774 3212 879 3308 Papae
897 3213 1060 3296 Secundi,
1079 3236 1170 3283 auno
1187 3209 1237 3282 V?

508 3445 705 3518 Hortomus
727 3446 929 3540 Episcopus,
957 3469 1075 3518 servus
1101 3469 1278 3517 servorum
1304 3443 1382 3528 Dei,
1409 3445 1601 3515 venerabili

457 3563 554 3634 fratri
568 3561 644 3632 W.³
657 3563 897 3634 Cantuariensi
911 3563 1194 3656 Arohiepisoopo,
1212 3560 1409 3654 apostolicae
1426 3561 1518 3631 sedis
1531 3559 1602 3631 Le-

457 3689 550 3776 gato,
562 3680 711 3752 salutem
724 3688 760 3752 et
773 3681 999 3774 apostolicam
1012 3680 1303 3751 benedictionem.
1330 3677 1510 3748 Fratribus
1522 3700 1604 3748 nos-

458 3799 520 3868 tris
537 3797 715 3869 chardo
733 3796 854 3869 Sancti
877 3795 981 3880 Deui,
1004 3807 1041 3867 et
1062 3795 1238 3866 Richardo
1255 3793 1477 3865 Herfortensi
1500 3793 1604 3886 Epis-

458 3916 562 4008 copis‚
584 3915 799 3985 mediantem
816 3914 1116 4009 quadragesimam
1134 3913 1323 3983 terminum
1344 3912 1538 3992 statuimus,
1562 3918 1605 3980 ut

459 4031 503 4102 ad
519 4039 673 4101 nostram
686 4032 844 4102 venirent
861 4031 1089 4125 praesentiam,
1108 4038 1144 4100 et
1157 4029 1271 4121 siquid
1283 4029 1446 4098 adversus
1462 4025 1607 4097 Urban-

461 4170 521 4216 um
544 4146 807 4218 Laudaveusem
830 4146 1045 4240 Episcopum
1069 4147 1114 4217 de
1135 4144 1325 4238 parrochia,
1348 4143 1443 4213 unde
1465 4150 1607 4213 contro-

461 4263 573 4334 versia
588 4264 679 4333 inter
696 4287 755 4334 cos
772 4265 905 4357 agitata
921 4264 1045 4347 fuerat,
1069 4285 1106 4333 se
1122 4262 1251 4333 habere
1268 4260 1491 4341 confiderent,
1510 4258 1607 4350 quod

463 4380 610 4451 dictaret
623 4379 763 4471 justitia
782 4381 991 4450 obtinerent.
1044 4378 1116 4471 Ipsi
1137 4402 1219 4449 vero
1242 4400 1306 4449 nec
1328 4383 1513 4459 venerunt3
1538 4399 1608 4446 nec

462 4493 538 4589 qui⁴
550 4517 613 4588 pro
625 4495 676 4565 eis
688 4479 831 4589 agerent
843 4517 1007 4590 personas
1019 4495 1200 4565 misemnt.
1251 4493 1435 4588 Nosergo,
1449 4514 1609 4564 commu-

546 4781 680 4839 woman
698 4782 732 4837 0.
767 4782 803 4836 ἐ
816 4781 927 4853 aprus,
947 4785 1022 4838 1129.
1057 4783 1142 4854 ειη.
1158 4783 1290 4838 umam.
1309 4781 1344 4835 n.
1378 4781 1471 4849 mae.
1490 4779 1524 4834 0.
