3450 5800
376 805 423 873 10
747 818 854 869 menn
880 814 1137 865 nsnnsvnnsrs

375 988 537 1059 cretione.
597 985 677 1071 Qui,
705 1008 786 1055 cum
810 984 1026 1076 loquebatur,
1056 982 1269 1066 audiebatur,
1297 989 1334 1051 et
1362 980 1514 1051 mirabili

376 1101 554 1174 audientii
578 1125 642 1196 pro
667 1098 777 1172 nimii
802 1100 992 1193 sagacitate
1018 1099 1055 1167 in
1080 1106 1218 1168 tantum
1236 1099 1329 1191 quod
1348 1097 1460 1168 clerus
1477 1105 1517 1167 et

376 1218 524 1313 populus
549 1242 571 1289 a
593 1216 758 1312 primaevi
782 1224 886 1287 aetote
911 1215 1058 1296 dicebat,
1086 1224 1106 1254 “
1117 1212 1210 1284 Puer
1234 1215 1301 1285 iste
1324 1216 1377 1283 vir
1401 1209 1515 1283 nobisl

377 1335 553 1418 “firtums,
587 1334 741 1405 solamen
774 1341 812 1403 et
844 1354 922 1425 spes
954 1331 1064 1400 totius
1097 1332 1226 1422 patriae,
1261 1332 1314 1401 vir
1345 1329 1516 1401 mirabilis
1551 1410 1556 1417 ¹

377 1452 591 1533 “memoriae,
625 1458 663 1521 et
695 1472 838 1520 summae
870 1445 1072 1540 prndentiae,
1106 1453 1144 1516 et
1178 1450 1234 1540 (ut
1267 1446 1395 1517 dicitur
1422 1446 1517 1516 filius

378 1565 533 1657 “bonus)
566 1566 733 1661 gaudium
764 1565 874 1634 totius
906 1561 1122 1655 parentelae.”
1177 1560 1386 1634 Dormiente
1414 1574 1516 1656 patre

376 1680 534 1753 Ammon
554 1683 703 1775 quedam
724 1690 837 1763 noete,
863 1702 909 1750 ex
931 1680 1079 1770 abrupto
1100 1678 1314 1771 stupefactus
1335 1687 1373 1750 et
1393 1703 1519 1773 exper-

376 1799 534 1894 gefactus
559 1808 621 1881 cst,
646 1822 710 1892 pro
734 1793 843 1868 nimii
867 1803 904 1866 et
928 1794 1083 1864 horribili
1109 1795 1259 1879 visione3
1289 1803 1326 1866 et
1351 1795 1515 1879 olamans,

378 1916 478 1998 dixit,
513 1914 577 1987 “O
602 1903 717 2008 quam'
739 1910 904 2007 pavidus!
939 1933 1000 1980 eur
1033 1908 1222 1981 tremesco!
1273 1910 1439 2005 Oquam
1463 1915 1519 1983 in·

377 2030 532 2103 “debilis
555 2030 687 2102 sentio!
737 2028 813 2100 Vix
828 2049 973 2098 manum
996 2026 1121 2108 levare,
1146 2048 1212 2097 neo
1228 2028 1355 2120 pedem
1375 2050 1519 2100 movere

379 2146 574 2218 convaieo.”
624 2145 760 2217 Audito
788 2145 834 2216 ab
857 2166 967 2214 uxore
996 2166 1066 2225 sua,
1093 2143 1244 2214 clamore
1269 2144 1372 2214 simul
1390 2154 1428 2216 et
1444 2154 1518 2217 stu-

378 2285 462 2355 pore
495 2264 610 2354 ipsius,
636 2261 790 2332 domino¹
818 2261 918 2344 dixit,
945 2256 1009 2329 “O
1034 2257 1111 2351 pie!
1137 2257 1171 2329 Ο
1196 2260 1341 2331 marite!
1367 2261 1520 2333 clamas:

381 2378 495 2469 “quid
520 2366 700 2448 clamasti?
751 2376 886 2470 Luges:
916 2375 1010 2445 unde
1033 2374 1150 2445 luctus
1174 2375 1263 2446 tibi?
1314 2374 1394 2448 Ant
1417 2375 1523 2450 infra³

382 2502 403 2534 “
412 2494 594 2576 somnium,
621 2501 682 2564 aut
702 2502 794 2576 ante,
817 2492 912 2563 aliud
932 2492 1177 2561 inconveniens
1197 2492 1363 2563 vidistii”
1414 2493 1521 2579 Quod

380 2608 522 2679 solitum
546 2617 587 2680 ut
612 2610 775 2702 quicquid
799 2609 923 2701 aliquis
948 2615 1030 2678 ante
1055 2607 1337 2679 dormitationem
1353 2612 1522 2705 praeeogi·

379 2732 445 2807 tat,
462 2724 529 2795 hoc
553 2725 647 2795 idem
671 2726 708 2794 in
732 2726 855 2796 eadem
873 2726 999 2796 evenit.
1051 2721 1121 2807 Qui
1148 2723 1247 2805 dixit,
1279 2724 1521 2819 “Cogitabam

381 2850 402 2881 “
412 2842 553 2934 quidem
570 2842 614 2912 de
630 2842 733 2914 nnico
749 2842 822 2914 filio
837 2864 927 2925 meo,
945 2848 982 2912 et
997 2840 1225 2933 pemotabam
1237 2840 1424 2933 qualitates
1441 2866 1523 2916 snas

382 2957 575 3028 “honestas
601 2960 638 3028 in
660 2959 828 3040 omnibus,
854 2966 893 3028 et
914 2957 1017 3050 regiae
1040 2957 1142 3026 euriae
1165 2964 1273 3049 aptas,
1297 2965 1336 3028 ut
1357 2959 1461 3030 decet
1482 2970 1523 3031 et

383 3073 608 3165 “parentelae,
638 3097 704 3144 nec
727 3074 772 3144 ad
796 3073 905 3144 alium
929 3094 1031 3142 nsum
1055 3073 1277 3164 apparandas,
1305 3074 1371 3143 nisi
1396 3076 1441 3145 ad
1467 3101 1532 3147 re..

385 3188 568 3280 “gendum
589 3189 758 3281 populum
778 3210 880 3260 suum
900 3187 1025 3281 gladio,
1051 3195 1088 3257 et
1108 3187 1222 3258 laicali
1240 3189 1400 3280 justitia:
1427 3193 1523 3284 quod

385 3311 405 3342 “
415 3304 531 3395 impie,
548 3305 643 3396 quod
658 3305 794 3396 injuste,
812 3329 878 3375 nee
899 3305 993 3376 cordi
1017 3326 1097 3373 meo
1122 3305 1221 3375 sedet
1238 3306 1282 3376 de
1298 3307 1419 3399 iniqua
1435 3331 1524 3402 prae·

385 3427 405 3458 ‘⁶
416 3420 636 3512 cogitatione,
664 3429 706 3490 ut
734 3422 827 3514 qnod
855 3419 962 3491 michi
987 3419 1085 3490 Deus
1114 3421 1211 3490 dedit
1237 3423 1282 3492 ad
1311 3431 1452 3517 tempus
1481 3433 1525 3496 ut

386 3530 633 3619 “consolarer,⁴
661 3545 699 3607 et
723 3537 817 3629 quod
840 3538 906 3608 sibi
931 3545 1013 3607 ante
1037 3543 1176 3628 tempus
1200 3539 1418 3630 concipiendi
1443 3565 1525 3634 pro-

386 3660 406 3690 “
416 3651 504 3734 misi,
539 3658 576 3721 et
608 3660 687 3745 post
720 3659 859 3746 tempus
883 3652 1106 3745 parturiendi,
1134 3653 1198 3723 sibi
1225 3653 1292 3746 ipsi
1318 3663 1355 3725 et
1385 3678 1525 3728 summo

385 3769 506 3860 “patri
538 3791 618 3839 meo
650 3767 828 3853 Dubricio‚
862 3777 900 3840 et
931 3775 1076 3861 patrono
1110 3767 1229 3839 Ilduto
1257 3771 1386 3865 pepigi,
1417 3781 1455 3843 et
1487 3775 1526 3842 in

386 3893 407 3922 ‘⁴
416 3882 580 3976 primaevd
608 3893 711 3957 aetate
738 3885 805 3956 hoc
833 3887 930 3956 idem
962 3885 1096 3955 auferre
1130 3884 1233 3954 volui.
1286 3885 1384 3958 Nam
1418 3911 1526 3980 quem

387 4001 578 4092 “proposui
613 4001 869 4073 hereditarium
906 4003 944 4072 in
976 4001 1102 4084 seculo,
1144 3999 1396 4074 haereditarius⁵
1424 4006 1470 4076 sit
1504 4029 1527 4076 a

388 4115 522 4186 “modo
549 4117 587 4186 in
613 4120 778 4210 paradiso,
808 4126 850 4189 nt
883 4119 990 4189 simus
1023 4117 1125 4188 simul
1158 4117 1345 4210 participes
1377 4123 1525 4214 perenni

387 4228 541 4300 “solatio
557 4240 594 4301 et
609 4233 769 4324 palatio.”
818 4233 938 4306 Ambo
955 4235 1210 4304 eonsentientes
1226 4234 1272 4305 ad
1287 4257 1407 4321 unum,
1425 4246 1528 4330 pater

389 4353 426 4414 et
441 4354 562 4429 mater,
580 4347 755 4420 duxenmt
770 4350 882 4421 filium
898 4351 1040 4422 unicum
1057 4349 1292 4419 voluntarium
1312 4352 1402 4424 bene
1420 4377 1528 4449 agen·

424 4677 487 4733 ¹Sio
505 4679 543 4735 H.
561 4683 650 4738 bontra
679 4683 712 4739 Ο.
759 4685 861 4741 'Forte
879 4691 962 4756 ipsine
978 4689 1084 4742 domini.
1119 4687 1152 4742 B.
1199 4688 1275 4742 8Ηίιε
1293 4687 1366 4742 etin
1384 4685 1443 4739 aliis
1461 4685 1529 4742 locis

388 4765 485 4820 codicis
495 4784 544 4839 pro
555 4772 637 4826 intro.
656 4765 689 4826 E.
726 4773 902 4828 ‘Gonaoicret
920 4773 954 4829 0.
988 4777 1201 4845 Ἠωνοᾱανίιιιη,
1219 4780 1246 4830 et
1257 4775 1426 4830 heredariua.
1446 4773 1481 4827 0.
