3450 5800
446 774 520 850 274
914 784 1113 836 nrrnumx.

497 959 571 1059 [7.]
599 955 765 1029 Ostendit
783 953 852 1024 ista
872 952 1080 1045 eomeripsio
1101 949 1321 1022 nobilitatem
1337 973 1487 1022 munaur
1501 956 1573 1024 med

445 1077 593 1151 diminih
610 1084 855 1146 etmensuram
868 1070 944 1141 eius
955 1092 1000 1162 ap
1050 1076 1067 1109 *
1119 1066 1135 1097 *
1185 1065 1345 1139 huerdic'el
1361 1066 1463 1163 guid²
1478 1092 1574 1141 maun

445 1194 596 1268 ditoldar
611 1192 717 1285 inguo
733 1188 806 1260 eliu
820 1210 843 1257 a
858 1183 955 1257 elan³
971 1185 1008 1255 di
1028 1187 1075 1256 rit
1095 1184 1212 1255 eellfin
1234 1184 1320 1255 dilih
1336 1208 1359 1255 o
1375 1208 1478 1257 mour
1492 1187 1574 1257 dibir

446 1314 541 1384 main
553 1309 591 1380 in
601 1306 731 1381 bieudi.

497 1693 554 1762 De
575 1690 705 1761 Codice
730 1682 1000 1778 Evangeliomm
1023 1680 1106 1752 MS.
1132 1680 1297 1753 Eoolesiae
1322 1683 1576 1769 Liehfeldensis‚

448 1807 667 1879 Humfredus
679 1801 834 1894 Wanley
848 1800 886 1869 in
899 1797 1069 1891 Catalogo
1086 1796 1402 1872 Historioo-oritieo
1419 1804 1576 1875 librorum

447 1933 607 1996 vetemm
629 1915 962 2013 septentrionalium,
986 1913 1075 1986 libro
1097 1914 1207 1985 altero
1230 1914 1396 1989 Thesauri
1418 1917 1577 2014 Antiqua

448 2042 655 2113 Literaturae
681 2030 980 2127 septentrionalis,
1002 2029 1159 2115 Orionis,
1185 2032 1292 2117 1705,
1315 2058 1372 2129 pp.
1394 2036 1478 2121 289,
1500 2038 1576 2119 290,

450 2160 502 2231 ita
517 2155 662 2250 scripsit.

499 2390 580 2462 Hoo
599 2390 637 2460 in
663 2386 794 2459 Codice
816 2392 1006 2455 cernuntur
1034 2380 1291 2455 Adnotationes
1313 2386 1578 2482 quamplurimae,

449 2517 528 2579 tum
549 2529 666 2578 rerum
687 2512 764 2575 tum
790 2502 982 2583 nominum,
1000 2506 1074 2569 tam
1096 2498 1298 2572 Britannice
1324 2526 1429 2595 quam
1454 2503 1581 2601 Angla-

450 2624 633 2706 Saxonice,
657 2622 786 2714 quippe
808 2619 869 2711 qui
890 2614 1067 2711 peculium
1086 2614 1154 2685 fuit
1172 2616 1407 2691 Landavensis
1424 2620 1581 2693 Ecclesia

450 2740 541 2834 apud
560 2738 738 2819 (lambros,
755 2742 944 2826 antequam
966 2733 1002 2802 in
1020 2730 1215 2803 Ecclesiam
1238 2733 1415 2806 devenerit
1437 2736 1583 2808 Liohfel·

452 2859 604 2938 densem‚
620 2854 683 2926 ubi
699 2874 791 2922 nuno
804 2850 1014 2932 adservatur,
1027 2848 1213 2943 inscriptus
1225 2848 1375 2924 Tuxrus
1388 2851 1424 2924 S.
1439 2853 1581 2936 Cunus,

451 2973 544 3044 illius
562 2969 729 3042 Ecclesiae
747 2967 902 3039 Patroni.

501 3088 550 3159 Et
567 3086 723 3158 dehisce
739 3083 847 3155 etiam
863 3080 1162 3153 Adnotationibus
1182 3105 1228 3154 ex
1250 3083 1360 3156 literis
1376 3087 1440 3156 viri
1464 3087 1585 3159 doetis-

451 3205 540 3287 simi,
563 3211 600 3274 et
617 3200 866 3293 antiquitatum
885 3197 1166 3270 Britannicarum
1190 3200 1332 3271 eultoris
1355 3201 1458 3298 longe
1481 3206 1585 3276 seien-

452 3321 578 3392 tissimi
594 3318 641 3388 D.
658 3315 823 3387 Edwardi
840 3315 990 3409 Lhuydi,
1009 3313 1137 3386 Musaei
1154 3315 1383 3389 Ashmoleani
1399 3321 1436 3390 in
1452 3318 1587 3390 Acade

450 3437 524 3508 mia
548 3432 741 3506 Oxoniensi
770 3418 934 3503 Custodis
960 3431 1161 3526 dignissimi,
1192 3433 1236 3503 ad
1264 3436 1447 3519 medatis,
1474 3437 1587 3530 aeeepi

452 3555 559 3625 verba
569 3549 630 3622 illa
643 3549 687 3621 ad
699 3570 884 3619 numemm
900 3545 972 3645 [2.]
991 3548 1178 3641 scriptasio
1189 3571 1235 3619 ex
1245 3559 1345 3643 parte
1356 3552 1589 3624 reddenda-

451 3667 639 3740 “Surrexit
653 3666 843 3759 Tydeloh
859 3664 951 3736 lilius
967 3665 1136 3748 tinctoris,
1158 3673 1195 3736 et
1215 3664 1240 3735 J
1241 3668 1402 3738 anuan'us
1424 3667 1587 3751 Eremitu,

416 3791 421 3802 “
453 3795 494 3856 ut
516 3783 732 3879 postularent
752 3791 882 3852 terram
900 3780 1044 3864 Teliaui,
1072 3805 1148 3874 quse
1175 3791 1251 3852 erat
1271 3781 1307 3851 in
1323 3805 1430 3854 manu
1456 3784 1589 3855 Eleorii

451 3903 515 3973 lilii
532 3900 671 3993 Gelhig,
689 3895 775 3968 &e.'’
790 3921 861 3969 una
882 3921 963 3968 oum
983 3899 1140 3970 versione
1161 3896 1443 3971 Adnotationum
1462 3898 1537 3998 [3.]
1556 3909 1592 3972 et

457 4016 531 4115 [4.]
550 4039 626 4110 quoe
642 4016 693 4085 ita
709 4023 818 4085 sonat.

507 4248 581 4348 [3.]
605 4249 802 4322 “Ostendit
822 4251 890 4319 ista
910 4249 1051 4343 scriptio
1077 4248 1170 4341 quod
1196 4247 1369 4330 dederunt
1394 4251 1535 4324 Rhesus
1560 4261 1597 4323 et

456 4368 588 4439 familis
621 4366 746 4439 Grethi
783 4361 1054 4460 'lter-wyddog‘
1088 4388 1157 4457 qua
1181 4366 1252 4435 itur
1276 4367 1321 4436 ad
1346 4367 1596 4440 confluentiam

455 4685 553 4827 1¹·Sio
566 4685 626 4743 MS.
644 4687 766 4742 luerdlie.
779 4683 828 4740 W.
846 4686 962 4741 laedio.
981 4681 1019 4740 Η.
1064 4682 1167 4743 ’Qum
1186 4683 1224 4737 Η.
1273 4684 1368 4742 ⁸lliut.
1387 4685 1424 4740 Η.
1472 4689 1601 4744 *Nomen

466 4791 515 4828 oer.
