3450 5800
440 781 487 855 48
814 798 924 849 meua
947 797 1207 849 munavnums

442 966 630 1039 Caurum
648 963 930 1036 Lusncumuns
946 963 1116 1035 Coucmn
1136 982 1335 1034 cumanam
1352 983 1419 1034 ren
1435 963 1569 1039 Jonas·

490 1103 580 1167 unu,
595 1082 879 1151 Pamssuruaun
893 1079 1140 1151 Canninium
1157 1078 1399 1151 schedarum
1409 1080 1568 1153 Ronxun

491 1199 689 1280 Eccussffl,
704 1217 745 1267 m
758 1217 967 1267 consumma
980 1196 1179 1267 Wuumm
1193 1196 1484 1268 Caurummusm
1499 1197 1569 1268 Aa·

492 1311 1568 1387 cnmrrscoumouumucomovmcmuulirrscoroam.

491 1546 700 1619 Sanctorum
721 1554 861 1639 patmm
885 1546 1040 1640 vestigiis
1063 1545 1281 1629 inhaerentes,
1308 1568 1514 1638 quemquam
1535 1547 1569 1615 in

442 1663 589 1739 ecclesia
604 1686 667 1755 per
682 1664 867 1756 pecuniam
883 1662 1043 1745 ordinari,
1061 1662 1270 1733 auctoritate
1285 1658 1488 1755 apostolicis1
1499 1685 1569 1754 pro-

440 1781 611 1851 hibemus.
662 1779 909 1849 Interdioimus
931 1779 1039 1849 etiam
1061 1787 1103 1849 ut
1124 1801 1187 1872 pro
1210 1779 1382 1862 crismate,
1406 1801 1468 1872 pro
1489 1777 1569 1860 oleo,

441 1921 504 1991 pro
519 1896 739 1989 baptismate,
757 1904 794 1965 et
814 1896 1030 1988 poenitentia,
1050 1918 1114 1989 pro
1135 1896 1336 1966 visitatione
1355 1895 1568 1974 infirmorum,

441 2036 503 2087 seu
519 2012 693 2093 unctione,
717 2035 780 2103 pro
798 2012 1043 2083 communione
1060 2012 1212 2104 corporis
1228 2011 1370 2092 Christi,
1388 2034 1451 2104 pro
1466 2008 1570 2101 sepul·

317 2146 319 2158 ·
441 2136 520 2199 tura
544 2128 680 2198 nullum
702 2128 844 2198 omnino
868 2129 1030 2220 praetium
1052 2129 1224 2225 exigatur.
1276 2126 1474 2203 Statuimus
1494 2147 1572 2217 prac-

440 2253 545 2328 terea,
564 2253 601 2315 et
617 2243 807 2336 apostolica
822 2245 1032 2315 auctoritate
1048 2245 1275 2326 decemimus
1293 2251 1335 2313 ut
1355 2244 1392 2313 in
1408 2262 1572 2313 consecra·

440 2361 593 2431 tionibus
606 2358 868 2453 Episcoporum,
882 2361 939 2431 vel
951 2360 1134 2432 Abbatum
1146 2361 1459 2442 benedictionibus,
1472 2381 1530 2429 seu
1539 2358 1572 2425 iu

441 2476 716 2551 dedicationibus
745 2476 981 2561 ecelesiarum,
1012 2501 1083 2548 uon
1108 2500 1227 2571 cappa,
1256 2500 1327 2546 non
1343 2484 1482 2569 tapete,
1509 2494 1572 2543 non

439 2594 706 2687 manutergium,
720 2616 790 2663 non
807 2591 967 2677 bacinia²
983 2603 1021 2665 et
1037 2594 1125 2665 nihil
1140 2594 1281 2664 omniuo
1293 2616 1360 2687 per
1371 2590 1570 2670 violentiam,

440 2709 506 2778 nisi
520 2719 643 2801 sponte
655 2709 813 2780 oblatum
826 2710 941 2793 fuerit,
955 2711 1095 2802 penitus
1108 2711 1279 2804 exigatur.
1306 2708 1440 2779 Nullus
1450 2706 1571 2785 Abbas,

440 2822 669 2909 nullusPrior,
675 2826 791 2896 nullus
799 2822 943 2895 omnino
952 2825 1150 2897 Monachus
1159 2825 1215 2895 vel
1224 2825 1383 2895 Clericus
1391 2822 1570 2902 ecclesiam,

439 2942 512 3012 sive
529 2943 710 3026 decimam,
728 2966 790 3014 seu
807 2943 971 3035 quaelibet
987 2943 1156 3013 beneficia
1172 2942 1415 3024 ecclesiastica,
1430 2941 1473 3010 de
1489 2939 1571 3008 dono

441 3057 530 3140 laici,
548 3060 621 3129 sine
637 3059 766 3152 proprii
779 3060 932 3151 episcopi
949 3060 1166 3141 auctoritate,
1184 3067 1222 3129 et
1238 3081 1390 3141 assensu,
1408 3054 1570 3146 suscipiat

442 3173 547 3257 Quod
560 3175 588 3242 si
601 3183 849 3266 praesumptum
863 3175 977 3258 fuerit,
988 3175 1086 3246 irrite
1098 3177 1164 3245 erit
1177 3175 1319 3245 donatio
1330 3169 1571 3268 hujuscemodi,

442 3289 564 3380 etipse
577 3291 750 3360 canonicae
762 3290 887 3361 ultioni
901 3292 1103 3383 subjacebit.
1140 3291 1328 3362 Sanximus
1341 3299 1507 3383 praeterea
1517 3309 1572 3354 ue·

442 3404 519 3496 quis
531 3404 714 3476 ecclesiam
731 3406 805 3489 sibi,
823 3408 896 3478 sive
912 3408 1142 3501 praebendam,
1159 3416 1306 3499 patema
1317 3407 1479 3477 vendicet
1493 3403 1574 3472 hoer-

442 3520 583 3603 editate,
603 3529 665 3591 aut
681 3545 913 3594 successorem
930 3524 995 3595 sibi
1017 3525 1055 3594 in
1071 3525 1186 3617 aliquo
1203 3523 1439 3594 ecclesiastico
1455 3517 1574 3591 cousti-

441 3642 520 3706 tuat
539 3636 719 3708 beneficio.
771 3639 875 3724 Quod
897 3641 925 3712 si
945 3648 1195 3734 praesumptum
1216 3640 1331 3723 luerit,
1358 3639 1472 3710 nullas
1492 3635 1573 3704 vires

441 3751 569 3830 hebere
585 3755 833 3845 permittimus3
856 3756 1011 3827 diceutes
1024 3779 1104 3826 cum
1122 3755 1317 3838 Psalmista,
1336 3753 1460 3826 “Deus
1472 3771 1572 3828 meus,

442 3877 562 3960 “pone
578 3869 657 3940 illos
676 3879 717 3940 ut
739 3879 861 3954 rotam,
886 3873 946 3964 qui
969 3874 1142 3955 dixeramt,
1166 3872 1407 3944 haereditatem
1430 3867 1575 3963 posside·

442 3992 462 4023 “
472 4007 570 4055 amus
583 3988 815 4058 sanctuarium
829 3985 948 4058 Dci.”³
997 3988 1215 4082 Adjicientes
1229 4012 1368 4080 quoque
1385 3985 1572 4059 statuimus

440 4108 481 4170 ut
498 4101 623 4184 clerici,
638 4105 697 4194 qui
715 4103 877 4176 ecelesias
889 4128 950 4175 seu
966 4105 1136 4176 beneficia
1151 4104 1282 4176 habent
1295 4103 1528 4180 ecclesiarum,
1540 4101 1575 4166 ei

442 4217 590 4288 ordinari
604 4242 672 4310 quo
684 4219 825 4290 liberius
835 4221 972 4312 juvant,
986 4218 1040 4292 et⁴
1057 4220 1316 4315 subterfirgiunt
1332 4241 1414 4290 cum
1431 4218 1475 4289 ad
1491 4213 1575 4306 epis-

441 4332 536 4425 copis
551 4334 689 4404 invitati
706 4336 856 4420 firenmt
874 4338 903 4407 si
919 4338 964 4408 ad
981 4337 1118 4408 ordines
1133 4337 1329 4429 promoveri
1346 4343 1575 4425 contempser-

477 4647 660 4706 ldactoritcta
670 4653 806 4720 apostolica
817 4655 923 4710 desunt.
942 4656 976 4711 0.
1011 4657 1167 4712 'Raecium
1180 4656 1213 4712 0.
1226 4655 1331 4725 Pclres,
1344 4651 1459 4725 Anglice
1470 4649 1574 4704 Barim.

442 4735 564 4792 ³Psclm.
576 4736 686 4794 lxxxiii.
700 4742 742 4808 12,
756 4743 798 4796 13.
833 4742 898 4798 ⁴Sic
913 4743 946 4798 0.
964 4746 1000 4798 Et
1013 4743 1096 4800 deest.
1114 4741 1153 4798 H.
