3450 5800
538 834 647 887 nmen
671 832 932 888 mnnavnnsrs.
1234 816 1306 889 239

158 1016 233 1079 tota
255 1006 438 1089 libertate,
460 1004 534 1076 sine
550 1002 623 1072 ullo
640 1023 747 1073 censu
766 1001 830 1072 ulli
849 1000 983 1072 homini
1002 1008 1151 1087 terreno,
1167 1002 1234 1073 nisi
1251 1027 1308 1075 eo-

159 1124 273 1196 clesiae
300 1121 503 1204 Laudaviae,
527 1128 566 1192 et
589 1118 784 1212 pastoribus
807 1118 883 1211 ejus
902 1119 940 1189 in
963 1128 1146 1213 perpetuo;
1172 1128 1210 1192 et
1226 1122 1309 1195 data

159 1242 412 1313 communione
436 1236 559 1309 incolis
582 1236 620 1306 in
643 1256 767 1327 campo
791 1236 887 1305 etin
906 1236 1014 1327 cquis,
1040 1236 1077 1305 in
1097 1234 1199 1308 silua1
1215 1245 1253 1308 et
1269 1240 1306 1309 in

160 1357 309 1452 pascuis,
337 1364 483 1427 etcum
506 1376 577 1423 uno
600 1352 728 1434 modio,
754 1359 792 1422 et
815 1352 1020 1422 semimodio
1045 1359 1154 1423 terra.
1210 1352 1307 1427 Finis

161 1474 256 1544 illins
273 1480 340 1555 est,
358 1470 397 1543 A
413 1471 487 1543 lata
501 1470 558 1539 vin
572 1491 684 1561 usque
699 1468 744 1539 ad
760 1489 842 1538 cruc
857 1467 942 1561 glas,
960 1476 997 1539 et
1013 1491 1035 1539 a
1050 1468 1124 1539 trel
1140 1471 1307 1542 marchan

163 1613 274 1682 usque
296 1589 345 1660 nd
366 1590 380 1657 i
402 1610 522 1682 guern.
574 1583 631 1656 De
648 1583 801 1665 clericis,
824 1592 934 1655 testes
955 1592 1036 1655 sunt
1055 1583 1080 1654 J
1081 1585 1187 1679 oseph
1205 1585 1306 1679 Epis-

167 1728 286 1799 copus,
307 1704 405 1775 Ruid
427 1703 594 1785 sacerdos,
617 1700 815 1795 Bleingorid,
836 1698 1030 1794 Tecguaret
1052 1702 1209 1773 sacerdos
1233 1702 1306 1775 Do-

168 1822 293 1903 cunni3
326 1822 368 1891 dc
400 1820 507 1903 laicis,
538 1817 680 1890 Mouric
705 1816 796 1901 Rern,
825 1816 975 1899 Teudur,
1002 1814 1167 1901 Dissaith,
1200 1818 1306 1893 Etrit.

173 1937 379 2029 Quicunque
395 1935 608 2017 custodierit,
626 1934 799 2005 custodiat
814 1932 916 2003 illum
933 1930 1062 2017 Deus;²
1087 1935 1146 2026 qui
1163 1958 1245 2007 vero
1261 1938 1306 2008 ab

171 2050 317 2125 ecclesii
332 2052 517 2125 [andacia
533 2050 751 2145 sepmverit,
768 2051 956 2121 anathema
971 2051 1026 2121 sit.

216 2288 366 2360 Familia
378 2286 525 2381 Etguini
542 2285 651 2379 Regis
663 2284 807 2369 Guenti,
823 2284 887 2354 filii
904 2284 1040 2369 Guriat,
1058 2286 1209 2383 litigavit
1225 2312 1306 2359 oum

167 2402 299 2475 familiai
311 2401 433 2475 Bledri
450 2402 614 2495 Episcopi
632 2400 826 2484 Laudaviae,
843 2402 882 2471 in
897 2410 1037 2473 tantum
1054 2404 1147 2495 quod
1165 2403 1307 2497 Episco-

167 2544 229 2614 pus
245 2518 343 2591 solus
358 2518 474 2613 litigio
490 2518 658 2600 interluit,
681 2518 795 2587 mixto
811 2517 928 2588 furore
945 2519 1062 2601 nimio,
1080 2528 1117 2589 et
1140 2522 1306 2615 sangiune

167 2659 210 2707 ex
230 2644 384 2728 utraque
405 2642 520 2727 parte;
545 2641 584 2704 et
604 2634 724 2704 volens
746 2633 876 2716 sedare,
898 2642 993 2704 stans
1015 2636 1107 2704 inter
1122 2643 1307 2728 utramque

166 2754 284 2837 aciem,
311 2776 334 2823 a
359 2752 511 2844 quodam
536 2750 704 2821 scelerato
727 2750 801 2820 viro
821 2749 962 2819 familiae
982 2749 1090 2845 Regis
1107 2750 1307 2823 vulneratus

166 2878 230 2954 est3
255 2876 295 2941 et
308 2866 420 2941 effuso
432 2868 609 2963 sanguine.
661 2862 710 2937 Et
726 2873 943 2960 sequestrato
956 2866 1078 2962 litigio,
1093 2868 1190 2940 venit
1207 2868 1308 2962 Epis-

166 3009 271 3080 copus
291 2987 339 3056 ad
357 2984 582 3067 Laudaviam
606 2991 642 3054 et
657 2985 756 3056 misit
771 2983 905 3079 legatos
926 3006 1005 3054 suos
1027 3007 1090 3077 per
1110 3007 1230 3056 omnes
1251 3009 1308 3056 eo-

167 3102 287 3174 clesias
307 3103 418 3172 totius
438 3101 609 3194 parochia
625 3098 730 3172 infia³
747 3098 892 3171 ostium⁴
909 3099 1054 3194 Taratyr
1074 3123 1177 3195 super
1196 3102 1307 3194 ripam

169 3216 257 3311 Guy,
280 3225 318 3288 et
339 3215 485 3288 ostium*
509 3216 599 3309 'l'yni
619 3216 750 3309 positae,
768 3225 806 3287 et
822 3218 982 3288 adunatis
999 3217 1160 3288 omnibus
1176 3218 1309 3289 clericis

169 3334 255 3403 sacri
267 3334 395 3405 ordinis
411 3334 506 3428 apud
522 3333 747 3416 Laudaviam,
760 3334 798 3404 in
813 3334 918 3426 plena
930 3334 1060 3420 sinodo,
1075 3334 1159 3406 fecit
1172 3334 1309 3429 Regem

173 3447 472 3521 anathematizari⁵
492 3472 574 3520 cum
595 3458 673 3520 tota
693 3450 827 3521 familia
847 3474 923 3534 sua3
949 3459 987 3522 et
1002 3451 1144 3544 reliquit
1158 3453 1309 3544 patriam

174 3563 305 3636 Guenti
326 3568 389 3638 sub
411 3565 667 3648 maledictione,
691 3575 728 3637 et
749 3568 824 3638 sine
845 3569 1029 3662 baptismo
1053 3575 1090 3639 et
1106 3568 1223 3639 ablata
1242 3569 1308 3638 sibi

172 3689 249 3754 tota
261 3682 536 3754 Christianorum
549 3685 802 3754 communione.
838 3683 888 3754 Et
900 3707 1068 3778 posquam
1081 3684 1161 3755 Rex
1174 3683 1309 3776 Etgnin

169 3799 302 3870 audivit
322 3808 461 3872 tantam
483 3822 645 3893 superse
668 3801 935 3883 submotionem,
959 3808 996 3872 et
1016 3800 1144 3872 factam
1166 3800 1240 3883 sibi,
1271 3807 1309 3870 et

166 3917 285 4008 patriae
297 3939 370 3986 snae
381 3924 457 3986 tam
470 3916 702 3987 execrabilem
714 3913 1135 4000 excommunicationem,⁶
1152 3917 1309 4009 qnaesivit

168 4033 308 4104 veniam
331 4055 414 4102 cum
436 4029 514 4102 toti
535 4029 669 4103 familiai
690 4030 762 4116 sui,
786 4040 824 4102 et
844 4031 1126 4104 malefactoribus
1149 4032 1309 4104 omnibus

164 4149 257 4240 apud
271 4147 503 4232 Laudaviam3
529 4156 566 4219 et
577 4149 615 4218 in
630 4149 735 4242 plena
746 4149 868 4220 sinodo
884 4149 1104 4241 inquantum
1121 4148 1166 4219 ad
1182 4157 1310 4219 semet-

164 4261 280 4355 ipsum
303 4265 502 4356 pertinebat
518 4265 563 4336 de
579 4263 674 4336 facti
692 4262 827 4359 injurii,
850 4266 987 4358 accepit
1002 4264 1254 4358 indulgentiam
1272 4272 1310 4335 et

163 4380 406 4452 remissionem
417 4389 655 4476 peccatomm3
680 4383 839 4454 adductis
852 4381 1049 4453 crudelibus
1061 4381 1143 4452 viris
1154 4388 1237 4454 ante
1249 4403 1310 4474 pe-

196 4632 253 4688 ¹121
270 4635 356 4704 εἰῑυύ,
374 4638 406 4688 in
422 4653 500 4705 epac.
525 4634 559 4690 Ο.
603 4635 779 4706 'eamme
798 4639 957 4706 custodierit,
981 4637 1109 4691 aaudiat
1128 4637 1204 4691 idum
1226 4635 1308 4702 Dara,

13 4796 14 4805 ἵ
164 4720 261 4776 emim
272 4727 340 4778 sunt
356 4722 386 4776 in
399 4721 480 4778 MSS.
515 4722 617 4790 ⁸Iasae
627 4741 678 4794 pro
688 4728 771 4780 intro.
789 4724 824 4779 Ε.
866 4723 932 4779 ‘Sic
944 4724 978 4779 0.
990 4725 1111 4778 bortiaco.
1130 4722 1169 4778 H.
1212 4723 1308 4776 Mna·

13 4814 14 4841 ³
163 4807 343 4865 mium.
363 4808 445 4865 MSS.
479 4810 545 4865 ⁶Sic
558 4809 591 4865 0.
610 4813 741 4866 amabili
757 4813 1026 4868 wwmmuoioctioni.
1046 4810 1083 4866 H.
