3450 5800
542 826 649 879 mana
673 826 932 878 naunavausrs.
1259 805 1306 877 59

17 1066 19 1099 ,
164 997 458 1071 benedictionem.
512 994 564 1067 Ut
580 1018 650 1087 pax
670 994 824 1067 ecclesiis
845 994 1027 1075 tribuatm,
1045 1000 1082 1063 et
1099 1013 1161 1064 sua
1176 994 1304 1086 cuique

17 1102 21 1189 l
156 1116 292 1207 justitia
308 1120 548 1194 conservetur,
564 1113 759 1205 proximam
777 1111 847 1181 divi
861 1110 968 1181 Lucae
984 1109 1220 1193 festivitatem,
1238 1110 1304 1179 tibi

17 1204 19 1237 ³
162 1240 198 1302 et
210 1228 402 1304 venerabili
416 1228 516 1299 fratri
529 1236 646 1299 nostro
660 1226 805 1299 Urbano
818 1226 1036 1297 Landavensi
1050 1223 1224 1318 Episcopo
1236 1233 1307 1295 ter-

162 1348 296 1417 minum
321 1345 580 1427 constituimus,
604 1352 775 1437 quatenus
796 1343 998 1435 conspectui
1020 1350 1137 1412 nostro
1159 1365 1306 1434 praesen-

162 1464 254 1546 tatis,
271 1462 520 1543 controversia,
538 1483 614 1552 quae
631 1458 675 1531 de
691 1458 945 1554 parochialibus
960 1459 1117 1529 terminis
1137 1460 1306 1531 intervos

164 1580 326 1673 agitatur,
338 1578 509 1648 finiretur.
553 1576 689 1678 Verum
702 1584 824 1669 postea
834 1578 909 1669 ipse
921 1574 1031 1645 literis
1043 1576 1114 1645 suis
1125 1582 1163 1644 et
1174 1578 1306 1647 nuntiis

166 1696 268 1766 nobis
288 1693 504 1788 significavit,
522 1691 796 1765 Archidiaconos
812 1700 893 1762 tuos
917 1713 999 1762 eum
1024 1691 1068 1761 de
1092 1693 1305 1784 possessione

168 1810 414 1904 parochiarum,
433 1810 478 1879 de
496 1809 620 1901 quibus
637 1810 800 1881 adversus
816 1831 898 1879 eum
915 1815 1058 1900 questus
1074 1830 1120 1891 es,
1138 1807 1307 1879 violenter

169 1928 319 2019 ejecime.
368 1924 408 1996 N
409 1949 430 1995 e
447 1927 554 2021 igitur
570 1924 619 1995 ei1
637 1926 709 1998 litis
722 1926 951 1997 extendenda
964 1925 1098 1995 occasio
1113 1926 1307 2016 praebeatur

167 2066 230 2137 per
246 2043 430 2136 praesentia
447 2043 575 2135 scripta
590 2042 656 2113 tibi
680 2043 894 2124 mandamus,
920 2049 1091 2133 quatenus
1115 2041 1153 2111 in
1175 2063 1308 2134 posses-

164 2161 259 2230 sione
277 2158 523 2251 parochiarum
540 2158 670 2250 absque
686 2158 929 2229 molestatione
944 2157 1099 2241 reducas,
1116 2165 1158 2227 ut
1173 2180 1306 2251 posses-

163 2298 216 2347 sor
231 2276 460 2357 constipatus,
478 2274 618 2381 praeiixo
636 2275 795 2357 termino,
813 2274 929 2344 valeat
944 2274 1009 2344 tibi
1028 2275 1213 2366 judiciario
1223 2275 1304 2367 jure

162 2392 383 2486 respondere.
436 2388 519 2461 Dat.
537 2388 754 2483 Compendii,
772 2409 835 2461 v11.
853 2392 932 2461 idus
947 2387 1105 2483 Aprilis.²

202 2620 480 2697 Issocasrrus³
492 2620 695 2717 Episcopus,
704 2645 821 2694 servus
834 2646 1011 2694 servorum
1024 2623 1103 2707 Dei,
1117 2626 1305 2698 venerabili

166 2743 256 2815 fratri
278 2740 467 2813 Bernardo
485 2741 530 2811 de
551 2738 682 2811 Sancto
702 2738 828 2822 David,
850 2738 1000 2810 salutem
1022 2747 1059 2810 et
1079 2742 1305 2832 apostolicam

160 2859 453 2932 benedictionem.
505 2856 726 2930 Venerabilis
750 2855 857 2927 frater
881 2864 1000 2928 noster
1024 2855 1189 2929 Urbanus
1214 2858 1306 2931 han-

166 2978 325 3048 darensis
350 2973 555 3068 Episcopus,
580 2997 643 3068 pro
669 2973 858 3044 obtinenda
885 2973 1024 3065 justitia
1048 2974 1201 3046 ecclesiae
1225 2999 1305 3059 mae,

166 3094 316 3164 hiscum
334 3090 450 3160 multa
465 3090 670 3185 fatigatione
686 3090 731 3160 ad
747 3091 867 3160 sedem
887 3089 1113 3182 apostolicam
1138 3095 1305 3185 pervenit.

165 3209 400 3282 Postmodum
420 3230 512 3290 vero,
538 3231 560 3278 a
583 3207 832 3300 praedecessore
857 3215 975 3278 nostro
999 3207 1109 3278 felicis
1133 3213 1308 3282 memoriae

166 3324 262 3418 Papa
286 3323 460 3406 Honorio,
478 3331 519 3392 ut
535 3325 694 3416 proxima
713 3323 904 3394 festivitate
921 3321 1043 3394 Sancti
1060 3324 1175 3410 Lucae,
1192 3329 1237 3399 ad
1254 3353 1306 3400 se-

169 3441 250 3512 dem
264 3439 494 3534 apostolicam
507 3440 551 3510 de
563 3439 816 3532 parochialibus
831 3442 990 3511 terminis
1004 3441 1071 3512 tibi
1086 3464 1309 3536 responsurus

173 3558 300 3638 veniat,
313 3562 478 3626 evocatus
490 3563 552 3625 est.
604 3553 741 3627 Verum
754 3557 804 3626 sic
816 3557 890 3649 ipse
905 3580 969 3651 per
981 3557 1098 3630 literas
1114 3567 1152 3630 et
1168 3563 1308 3632 nuntios

174 3670 379 3765 significavit
404 3671 620 3765 egritudine,
639 3679 829 3756 senectute,
847 3681 884 3743 et
899 3674 1017 3766 inopia
1028 3672 1129 3745 valde
1144 3683 1307 3768 gravmus

173 3795 241 3870 est,
262 3786 404 3879 ideoque
425 3785 570 3879 praefato
591 3788 740 3859 termino
757 3811 794 3859 se
811 3813 882 3859 non
903 3812 1003 3883 posse
1018 3792 1136 3860 venire
1152 3793 1307 3861 assensit.

171 3903 215 3974 N
213 3926 254 3974 os
269 3904 374 3998 igitur
389 3905 424 3974 ei
441 3905 619 3996 compassi,
636 3902 809 3976 inducias⁴
825 3906 900 3998 ejus
913 3904 1063 3976 Romam
1077 3906 1247 3988 veniendi,
1264 3908 1309 3979 ab

167 4019 235 4090 hac
246 4021 365 4090 media
377 4019 641 4113 quadragesima
650 4022 895 4114 usqueadtres
904 4043 1021 4102 annos,
1034 4021 1154 4092 habito
1164 4022 1310 4093 flatrum

167 4145 368 4207 nosbomm
385 4134 540 4218 consilio,
558 4135 773 4207 indulsimus.
812 4135 963 4236 Prafato
976 4138 1083 4232 igitur
1094 4139 1252 4224 termiu0,
1267 4142 1311 4212 de

170 4247 400 4322 Lanntelian⁵
420 4272 521 4321 maur
547 4274 627 4328 oum
647 4254 867 4346 pertinentiis
883 4254 962 4336 suis,
988 4261 1025 4324 et
1042 4254 1086 4324 de
1103 4253 1312 4327 Lannteliau

171 4365 352 4450 Pimseint,
372 4365 456 4438 Geir
472 4368 579 4452 caiau,
598 4377 635 4440 et
652 4369 696 4440 de
714 4368 924 4441 Lannteliau
941 4367 1121 4440 Mainem⁰
1138 4393 1218 4441 cum
1234 4395 1312 4464 per-

202 4688 352 4744 ¹Etdeest
367 4687 403 4743 0.
439 4687 599 4761 2'lllprilis
613 4693 689 4746 113-.
724 4689 899 4745 ³Haecbulla
908 4689 1026 4745 monada
1036 4690 1094 4744 vice
1109 4689 1233 4755 habetur,
1249 4706 1312 4742 nam

170 4776 255 4831 eadem
268 4775 406 4843 occurrit,
425 4779 499 4846 p.t4
543 4777 695 4832 *Indutiua
715 4778 748 4833 0.
783 4779 950 4834 thanatan.
969 4777 1003 4833 0.
1038 4777 1221 4831 ⁶llainmcur.
1240 4774 1273 4828 0.

743 4891 761 4966 I,
