3450 5800
406 818 455 888 24
504 794 511 805 ⁹
780 834 889 885 ulnas
912 832 1174 883 mnuavxnsm.

406 1004 471 1075 sibi
489 998 642 1073 obviam¹
661 1001 800 1072 leonem
816 1021 898 1069 cum
919 1000 1120 1071 custodibus
1141 1009 1183 1070 ut
1199 1022 1281 1071 cum
1299 1001 1480 1073 invaderet
1497 1002 1550 1072 di·

405 1116 526 1202 rexit?
542 1118 603 1189 sed
619 1117 774 1187 electum
786 1114 856 1186 Dei
874 1111 1015 1186 dextra⁸
1026 1116 1198 1209 praetexit,
1212 1123 1250 1187 et
1263 1116 1373 1187 veluti
1386 1118 1548 1189 contoleo

404 1258 595 1329 percussus,
618 1258 655 1305 se
675 1235 713 1305 in
734 1234 854 1327 fugam
875 1227 1091 1302 committit!
1140 1230 1273 1304 Beatus
1293 1256 1377 1303 vero
1399 1233 1549 1306 Samson

404 1352 573 1446 aspiciens
585 1358 664 1445 post
674 1372 766 1433 cum,
777 1350 836 1432 ait,
852 1348 1018 1441 “Impero
1030 1349 1095 1419 tibi
1108 1351 1145 1419 in
1158 1352 1299 1420 nomine
1308 1348 1333 1420 J
1334 1374 1396 1421 esu
1406 1350 1547 1436 Christi,

307 1554 309 1557 Ι
406 1478 425 1509 “
437 1491 481 1538 ne
498 1468 660 1559 cuiquam
677 1465 826 1560 amplius
843 1487 978 1549 noceas,
996 1466 1057 1536 sed
1074 1473 1115 1535 ut
1132 1466 1299 1537 velociter
1314 1468 1465 1559 pereas,”
1487 1471 1548 1561 qui

404 1586 533 1667 statim,
552 1583 680 1655 saltum
697 1584 782 1653 dans
798 1582 1023 1675 precipitem,
1041 1583 1223 1676 expiravit.
1275 1582 1412 1654 Videns
1428 1592 1549 1655 autem

404 1701 485 1772 Rex
498 1699 781 1771 tantomirabilia
793 1700 830 1768 in
842 1706 963 1768 sancto
976 1696 1056 1783 Dei,
1067 1696 1261 1769 Judualum
1274 1700 1406 1770 catenis
1419 1701 1549 1772 adduc·

404 1826 481 1888 tum
499 1818 641 1888 donarit
657 1816 700 1885 ei.
753 1814 891 1909 Regina
907 1838 1045 1907 quoque
1062 1838 1144 1885 cum
1165 1816 1236 1903 suis
1253 1814 1455 1899 fautoribus,
1473 1818 1549 1909 ejus

403 1934 550 2027 pedibus
570 1939 751 2026 prostrata,
774 1932 912 2001 veniam
929 1930 1120 2024 postulavit
1136 1954 1158 2001 a
1174 1938 1304 2002 sancto.
1356 1930 1437 2016 Quo
1454 1933 1549 2004 facto

404 2074 525 2121 omnes
545 2074 608 2143 per
625 2049 774 2143 gratiam
795 2046 866 2117 Dei
883 2044 1121 2141 compurgati⁶
1136 2048 1355 2140 nimiumque
1371 2048 1548 2133 laetificati,

404 2166 484 2237 Rex
501 2168 551 2237 ait
568 2166 672 2236 beato
690 2163 861 2247 samsoni,
889 2162 980 2234 “Est
996 2186 1137 2257 serpens
1152 2164 1189 2234 in
1205 2163 1272 2234 hac
1288 2164 1467 2256 provincii
1483 2168 1550 2237 cir·

405 2288 425 2318 “
436 2300 654 2371 cumqusque
670 2276 869 2347 habitantes
881 2274 995 2369 gravi⁶
1008 2275 1165 2371 affligem
1177 2276 1392 2369 pestilenti&
1417 2281 1550 2373 etquis

406 2404 425 2435 ‘⁶
435 2403 472 2465 te
486 2394 643 2464 videmus
657 2394 843 2463 virtuibus
859 2391 1002 2487 fulgere,
1020 2415 1182 2487 rogamus
1198 2401 1239 2463 ut
1255 2415 1319 2464 nos
1336 2395 1487 2488 digneris
1503 2398 1549 2467 ab

406 2522 426 2551 “
437 2534 479 2581 eo
491 2510 668 2581 liberare.”
720 2508 787 2579 Oui
801 2507 952 2580 Sanctus
965 2507 1114 2580 Samson
1131 2510 1231 2593 dixit,
1259 2510 1447 2584 “Invenitc
1463 2514 1549 2585 duc-

406 2638 426 2668 “
436 2635 550 2698 torem
559 2628 701 2709 itineris,
713 2624 877 2696 etinDai
886 2626 1017 2697 virtute
1027 2626 1203 2719 expellam
1213 2648 1294 2696 eum
1304 2629 1461 2720 partibus
1471 2653 1548 2701 ves·

406 2754 425 2785 “
436 2744 528 2815 tris.”
579 2742 705 2835 Itaque
718 2744 854 2813 ductori
871 2744 1024 2825 invento,
1039 2742 1174 2813 duobus
1186 2765 1306 2813 secum
1319 2744 1482 2816 fratribus
1494 2770 1549 2817 as-

405 2861 767 2956 sumptiscaeterisque
778 2881 858 2930 cum
867 2853 1076 2930 Judualo⁷in
1083 2859 1214 2953 palatio
1222 2859 1362 2944 relictis,
1372 2862 1464 2933 viam
1474 2886 1548 2934 oar-

404 2980 511 3072 pebat
524 2974 650 3060 subiti),
662 2976 839 3048 confidens
849 2985 887 3047 et
897 2976 1059 3047 exultans
1069 2978 1253 3069 semperin
1263 2975 1431 3063 Domino;
1449 3003 1548 3050 cum-

406 3119 473 3186 que
485 3095 530 3165 ad
546 3101 695 3176 antrum,
713 3094 773 3163 ubi
791 3116 932 3186 serpens
948 3094 1061 3164 inerat
1077 3094 1299 3186 pervenisset,
1313 3095 1431 3188 ibique
1447 3095 1550 3168 flexis

404 3212 550 3305 genibus
562 3208 757 3280 Dominum
770 3217 957 3292 exorasset,
975 3219 1174 3301 serpentem
1190 3234 1254 3304 per
1266 3211 1395 3282 collum
1409 3215 1548 3306 eripuit,

406 3334 443 3397 et
457 3325 621 3408 extraxit,
639 3333 677 3396 et
692 3325 786 3396 ultra
802 3323 934 3396 flumen
947 3326 1041 3417 quod
1058 3324 1191 3420 Sigona
1206 3335 1351 3397 vocatur
1366 3337 1496 3414 natare,
1510 3339 1551 3401 et

404 3443 454 3513 ibi
467 3443 532 3513 sub
545 3442 695 3534 quodam
712 3441 828 3534 lapide
840 3465 991 3525 manere,
1009 3444 1188 3536 precepit:
1215 3465 1320 3535 quem
1336 3443 1440 3537 paulo
1456 3455 1548 3538 post,

406 3559 479 3630 solo
502 3581 661 3629 sermone
683 3560 720 3628 in
741 3560 828 3628 mari
852 3559 1028 3629 demersit.
1080 3558 1124 3629 In
1147 3559 1271 3629 eodem
1295 3583 1446 3653 namque
1468 3560 1548 3634 loco

405 3676 654 3746 monasterium
672 3676 877 3759 construxit,
895 3683 933 3747 ct
949 3677 986 3745 in
1003 3699 1045 3746 eo
1062 3675 1186 3746 fratres
1203 3674 1344 3746 Christo
1361 3679 1550 3752 servituros

406 3791 599 3864 collocavit.
650 3790 813 3885 Denique
826 3792 907 3863 Rex
920 3790 1160 3875 Hildebertus,
1171 3816 1234 3884 pro
1247 3799 1321 3864 tam
1333 3795 1469 3888 magnis
1482 3796 1551 3865 vir-

407 3909 542 3980 tutibus
568 3909 712 3979 beatum
738 3907 945 3979 Samsonem
970 3907 1161 4002 plurimum
1185 3910 1371 3994 adamavit,
1398 3911 1533 4005 sibique

367 4045 368 4048 ’
406 4026 562 4120 ingentia
582 4032 762 4118 gratanter
783 4025 875 4095 dona
896 4025 1062 4107 tribuens,
1089 4026 1127 4094 in
1149 4048 1233 4096 auro
1258 4025 1420 4120 (scilicet)
1440 4035 1478 4098 et
1495 4051 1550 4100 nr-

406 4148 522 4235 gento,
542 4141 580 4210 in
596 4142 733 4213 vasibus
749 4144 918 4236 pretiosis,
944 4143 982 4211 in
997 4141 1143 4234 praediis,
1170 4149 1208 4211 et
1223 4141 1261 4210 in
1277 4145 1550 4234 possessionibus

406 4257 573 4351 plurimis,
599 4277 636 4328 se
657 4249 812 4351 suisque⁹
832 4259 1046 4330 orationibus
1067 4258 1335 4329 commendavit.
1386 4257 1550 4354 Accepto

406 4396 524 4445 secum
540 4375 660 4465 itaque
672 4373 697 4445 J
697 4374 835 4458 udualo,
850 4374 991 4446 Iresiam
1003 4371 1228 4468 Angiamque
1240 4376 1337 4459 adiit,
1355 4376 1473 4469 ibique
1486 4402 1550 4449 ex-

444 4626 512 4679 ¹Sud
529 4627 610 4680 obvia
629 4624 661 4681 0.
699 4630 831 4682 'Diceris
850 4627 884 4682 0.
919 4629 1063 4683 'Decima
1082 4628 1116 4683 Ο.
1153 4628 1235 4682 Forte
1251 4628 1473 4702 ieg.clwtchci
1486 4635 1550 4687 dct-

405 4713 625 4781 crasmaro.
661 4715 822 4768 *omnint
836 4713 869 4769 o.
906 4717 1083 4785 rummare
1096 4714 1130 4770 0.
1165 4718 1317 4772 ‘cram
1336 4717 1369 4772 ο.
1403 4719 1542 4774 ⁷1ncoa10

408 4799 441 4855 0.
477 4803 552 4868 ³qaa
568 4799 650 4855 saer.
670 4798 703 4854 0.
740 4801 813 4868 ’ραι
830 4801 911 4856 aaa.
933 4799 966 4856 0.
