3450 5800
413 802 485 872 110
786 817 894 868 creas
919 817 1179 868 munavsusrs

412 983 502 1054 rium
510 984 578 1074 jus,
597 979 808 1051 Penneluml
822 977 1018 1051 videlicet:²
1031 983 1190 1064 secunda,
1202 983 1247 1053 ob
1260 985 1559 1054 conversationem

413 1121 521 1182 suam,
535 1108 572 1169 et
588 1099 777 1170 solitariam
790 1097 908 1180 vitam,
923 1119 1028 1190 quam
1044 1096 1131 1168 inibi
1148 1099 1249 1168 duxit
1266 1120 1328 1191 per
1344 1107 1484 1193 tempus
1500 1123 1560 1171 su-
1673 1129 1676 1132 ⁴

413 1239 476 1308 per
496 1217 605 1310 ripam
626 1215 725 1309 Tyui,
744 1223 781 1300 et
798 1215 892 1306 quod
912 1213 960 1284 ibi
983 1213 1093 1284 vitam
1109 1215 1257 1308 gloriose
1273 1215 1424 1286 finierat:
1451 1217 1559 1286 tertia

414 1355 494 1403 vero
513 1331 698 1414 Laudavia,
712 1331 758 1400 ob
776 1330 894 1401 sedem
908 1330 1148 1424 episcopalem,
1162 1332 1208 1402 ob
1225 1332 1300 1424 ejus
1315 1331 1505 1426 privilegis,
1518 1341 1560 1403 et

414 1449 610 1543 dignitates,
628 1449 673 1518 ob
691 1447 966 1519 consecrationes
982 1455 1020 1517 et
1036 1447 1280 1530 obedientiam,
1301 1447 1347 1518 ob
1367 1449 1477 1520 totius
1495 1471 1560 1542 pa-

413 1563 538 1635 rochiae
555 1565 761 1634 concordem
778 1585 911 1645 vocem,
929 1570 966 1635 et
983 1561 1103 1633 Sancti
1122 1562 1281 1634 Dubricii
1297 1587 1360 1657 per
1375 1565 1501 1648 omnia,
1519 1573 1560 1634 et

413 1681 559 1752 aliorum
584 1689 733 1774 patrum,
754 1680 905 1774 priorem
926 1686 1058 1750 statum
1078 1687 1115 1751 et
1135 1680 1433 1752 constitutionem.
1484 1679 1560 1751 Sed

412 1799 565 1881 taudem,
582 1795 726 1868 consilio
744 1798 971 1868 discretorum
984 1795 1164 1866 hominum
1177 1799 1445 1890 acquiescentes,
1458 1798 1561 1869 insis-

412 1921 533 1985 terunt
551 1914 696 2007 jejunio,
719 1923 756 1984 et
773 1913 995 1996 orationibus,
1011 1920 1053 1982 ut
1069 1935 1225 1985 summus
1242 1915 1371 1985 arbiter
1386 1915 1559 1996 Christus,

415 2031 474 2122 qui
491 2040 545 2102 est
562 2054 643 2102 vera
663 2030 851 2101 auctoritas
873 2038 911 2100 et
932 2037 1129 2100 sauctorum
1150 2030 1381 2125 privilegium,
1402 2031 1559 2101 evidenti

414 2147 512 2241 signo
528 2148 698 2229 innueret,
717 2147 773 2216 cui
790 2143 946 2216 illarum³
964 2145 1085 2216 Sancti
1102 2155 1261 2216 sanctum
1279 2170 1403 2240 corpus
1420 2147 1561 2241 dignius

414 2270 506 2332 esset
516 2261 831 2332 committendum.⁴
848 2262 1087 2332 Maneantem
1098 2262 1349 2355 fact0,quidam
1359 2264 1560 2346 senioratus-

413 2378 545 2470 piciens
554 2379 615 2450 ubi
626 2387 701 2449 erat
711 2401 845 2472 corpus,
856 2379 1020 2450 clamavit
1030 2403 1115 2449 voce
1126 2401 1264 2473 magna,
1275 2380 1402 2461 diceus,
1415 2378 1560 2450 “Exau-

415 2503 436 2534 “
446 2495 521 2564 dita
537 2504 601 2578 est,
623 2493 763 2566 fratres⁵
778 2497 859 2579 mei,
882 2495 993 2565 oratio
1009 2503 1127 2565 nostra
1143 2518 1165 2565 a
1181 2495 1344 2578 Domino,
1366 2496 1427 2587 qui
1448 2500 1560 2568 nemi-

416 2621 436 2652 “
446 2634 528 2682 nem
549 2613 661 2705 privat
681 2636 743 2705 pro
766 2614 902 2683 merito.
954 2610 1105 2704 Surgite,
1129 2621 1167 2681 et
1189 2612 1350 2705 respicite
1368 2635 1446 2704 quae
1465 2613 1561 2686 facta

416 2738 436 2768 “
446 2737 528 2799 sunt
544 2752 565 2798 a
582 2728 781 2800 Mediatore
799 2727 869 2799 Dei
882 2736 919 2799 et
935 2728 1117 2797 hominum
1130 2727 1279 2810 Christo,
1297 2738 1338 2799 ut
1355 2737 1475 2800 nostra
1491 2731 1561 2801 dis·

416 2846 559 2917 “sentio
581 2847 773 2931 sedaretm;
799 2852 837 2918 et
857 2853 899 2915 ut
921 2845 958 2914 in
979 2843 1074 2914 beati
1092 2842 1306 2916 Confessoris
1322 2843 1459 2916 Teliaui
1476 2846 1561 2929 rita,

416 2972 436 3001 “
447 2964 496 3032 sic
513 2961 567 3034 et⁸
584 2964 621 3033 in
637 2963 712 3055 ejus
731 2971 854 3045 morte,
873 2963 997 3033 fierent
1017 2962 1213 3032 miracula''
1264 2961 1359 3032 Ecce
1375 2962 1484 3032 enim!
1510 2964 1562 3032 vi-

416 3079 501 3149 dent
522 3080 571 3149 ibi
592 3082 660 3150 tria
677 3102 828 3171 corpora,
847 3078 972 3169 quibus
990 3102 1053 3170 par
1069 3086 1143 3148 erat
1161 3079 1336 3169 quantitas
1352 3079 1390 3148 in
1406 3102 1561 3171 corpore,

414 3195 509 3264 idem
527 3197 631 3265 decor
646 3196 683 3264 in
706 3195 808 3278 faoie3
835 3194 934 3287 (quid
950 3192 1131 3285 ampliusi)
1149 3195 1186 3263 in
1206 3191 1303 3263 nullo
1320 3195 1561 3286 discrepantia,

415 3310 592 3381 habebant
614 3312 722 3380 totius
738 3310 952 3403 compaginis
972 3308 1194 3380 lineamenta
1245 3308 1306 3381 Sic
1323 3312 1443 3381 sedata
1461 3333 1559 3403 pace,

417 3425 544 3520 singuli
562 3449 641 3495 oum
663 3450 725 3497 suo
742 3449 885 3519 corpore
900 3434 1143 3496 remearemnt
1159 3426 1205 3497 ad
1226 3450 1297 3510 sua,
1317 3436 1355 3498 et
1372 3428 1508 3498 diversa
1523 3430 1561 3497 in

415 3540 485 3612 illis
498 3542 641 3613 diversis
658 3542 742 3613 locis
754 3564 835 3611 eum
853 3564 990 3612 summa
1005 3543 1199 3613 reverentia
1214 3543 1435 3637 sepelierunt.
1487 3542 1562 3614 Mi·

415 3658 541 3729 raoulis
553 3660 694 3751 quidem
712 3658 975 3753 quamplurimis
991 3660 1171 3752 cognitum
1188 3669 1243 3731 est
1258 3660 1354 3730 omui
1370 3659 1511 3753 populo,
1524 3670 1562 3731 et

415 3776 652 3847 monumentis
675 3777 898 3868 antiquorum
919 3775 1094 3845 seniorum
1116 3777 1354 3849 indubitanter
1375 3775 1562 3846 laudaviae

415 3914 491 3963 esse
504 3892 658 3963 allatum.
702 3890 762 3962 Ad
776 3892 874 3985 cujus
886 3889 1031 3962 summi⁷
1042 3893 1216 3985 pontificis
1228 3892 1388 3964 tumbam
1402 3893 1563 3985 frequen·

415 4007 549 4079 tissime
561 4010 606 4080 ab
618 4010 779 4080 omnibus
792 4011 861 4081 suis
877 4008 1102 4102 languoribus
1116 4017 1282 4081 curantur
1296 4010 1441 4093 infirmi;
1462 4012 1563 4080 cecis

415 4122 620 4196 illustrando
638 4127 760 4209 visum,
787 4134 824 4197 et
847 4126 958 4195 nudis
978 4124 1157 4218 largiendo
1177 4126 1347 4195 auditum.
1399 4124 1498 4208 Haec,
1523 4133 1563 4195 et

416 4236 470 4308 his
492 4240 601 4332 plura,
620 4242 743 4313 fratres
767 4237 982 4322 charissimi,8
999 4251 1143 4333 operata
1158 4250 1212 4312 est
1235 4242 1354 4312 divina
1369 4241 1480 4312 virtus
1499 4263 1564 4333 pro

417 4355 650 4426 sanctissimo⁹
673 4357 878 4429 confessore
899 4356 1054 4427 Teliauo.
1106 4358 1224 4443 Quare
1239 4360 1331 4430 tanti
1348 4356 1413 4427 viri
1430 4357 1565 4428 festivi-

453 4591 626 4647 ¹Poroa1om.
651 4589 685 4644 Ο.
721 4592 848 4648 wotos
873 4594 906 4649 0.
941 4595 1190 4653 ⁸si00.111mm.
1216 4596 1254 4649 H.
1289 4595 1510 4651 ⁴Oomitteudum.
1530 4595 1565 4648 0.

416 4680 552 4731 ⁶Frutris.
578 4678 611 4732 Ο.
646 4678 701 4731 iEt
719 4679 800 4734 deest.
826 4682 859 4735 Ο.
895 4682 960 4736 ⁷Sic
978 4684 1012 4738 Ο.
1029 4685 1114 4737 Sumi.
1139 4682 1176 4736 H.
1211 4683 1276 4736 8Sic
1294 4684 1330 4737 Ο.
1354 4684 1499 4735 messias.
1526 4682 1566 4734 H.

415 4764 600 4818 ⁹Procisaimo.
620 4766 652 4819 0.
