3450 5800
457 818 506 889 84
828 832 936 883 mam
959 831 1218 884 muonvnuus.

458 997 561 1070 fidele
573 996 752 1069 servitium
764 1004 802 1067 et
814 996 987 1066 orationes
999 995 1144 1066 debitas.
1195 993 1353 1065 Ecclesia
1369 993 1596 1077 Deinostra·

459 1110 543 1209 que1
559 1113 624 1185 sub
637 1111 715 1184 Deo
727 1120 765 1183 et
781 1111 888 1195 vobis,
904 1120 1028 1183 vestra
1043 1110 1292 1194 misericordiae,
1310 1119 1348 1181 et
1364 1111 1489 1204 pietati
1503 1110 1596 1181 hanc

459 1229 578 1324 dirigit
594 1228 786 1321 epistolam,
803 1236 842 1299 et
862 1227 1065 1321 suppliciter
1080 1233 1190 1321 rogat,
1206 1234 1248 1297 ut
1263 1250 1326 1319 pro
1342 1249 1479 1297 summo
1495 1226 1598 1319 Rege

458 1346 607 1428 Christo,
621 1366 699 1416 eam
715 1342 921 1437 precipiatis
937 1343 1122 1437 diligenter
1136 1344 1231 1415 vobis
1241 1343 1390 1426 recitari,
1407 1353 1444 1414 et
1460 1367 1483 1414 a
1498 1342 1598 1413 vobis

458 1460 725 1533 misericorditer
746 1458 913 1531 exaudiri.
963 1457 1000 1529 A
1022 1468 1181 1552 tompore
1204 1459 1425 1552 antiquorum
1445 1466 1601 1551 patrum,

459 1576 681 1649 dilectissime
702 1582 804 1669 pater
824 1583 862 1646 et
884 1574 1034 1658 domine,
1056 1576 1147 1647 sicut
1168 1570 1460 1669 chyrographum¹
1484 1574 1598 1645 sancti

457 1693 594 1788 patroni
611 1692 718 1763 nostri
734 1690 868 1762 Teliaui
883 1699 1042 1773 testatur,
1059 1692 1133 1763 haec
1149 1692 1295 1763 ecclesia
1310 1692 1484 1785 praedicta,
1500 1689 1599 1783 prius

459 1811 604 1880 fundata
624 1808 662 1878 in
683 1807 815 1878 honore
837 1805 959 1877 Sancti
982 1805 1079 1877 Petri
1102 1808 1259 1900 apostoli,
1276 1806 1422 1878 aliarum
1438 1806 1598 1876 omnium

459 1926 682 1997 ecclcsiamm
696 1923 840 2006 Gualiae,
855 1945 992 2015 semper
1003 1923 1169 2017 magistra
1179 1923 1299 1994 extitit
1314 1923 1352 1993 in
1365 1923 1545 2017 dignitate,
1559 1930 1599 1991 et

458 2038 513 2112 in³
525 2040 619 2112 omni
631 2038 819 2132 privilegio,
832 2040 944 2110 donec
956 2040 1099 2109 tandem
1114 2063 1177 2133 per
1188 2039 1383 2121 seditiones,
1398 2047 1435 2110 et
1450 2046 1506 2108 tot
1521 2037 1599 2109 bel-

458 2157 572 2227 lorum
588 2155 728 2247 flagitia,
745 2163 783 2224 ct
798 2155 992 2225 inveterato
1008 2163 1224 2226 antecessore
1239 2178 1319 2225 meo
1332 2151 1547 2236 Herwaldo,‘
1559 2162 1599 2224 et

460 2273 542 2342 inde
555 2270 746 2353 debilitato,
760 2269 907 2341 ecclesia
919 2270 1025 2363 coepit
1037 2270 1220 2354 debilitari,
1233 2279 1271 2341 et
1283 2268 1355 2342 fere
1367 2269 1510 2340 viduata
1519 2292 1601 2363 pas·

460 2394 546 2469 tore,
558 2394 597 2456 et
609 2386 799 2456 annihilata
809 2386 1051 2479 indigenarum
1063 2387 1278 2468 crudelitate,
1292 2394 1331 2457 et
1346 2385 1524 2456 invasione
1539 2407 1600 2457 su-

460 2502 692 2596 pervenientis
704 2503 818 2596 gentis
832 2500 1096 2587 Normannicae,
1139 2502 1287 2596 Semper
1297 2498 1434 2572 tomen⁶
1446 2501 1600 2595 religiosi

461 2618 526 2689 viri
543 2619 587 2689 ad
604 2618 822 2689 serviendum
838 2618 876 2687 in
891 2640 934 2689 ca
948 2618 1131 2701 haeserunt,
1148 2628 1227 2690 tum
1243 2624 1385 2711 propter
1399 2615 1602 2711 Anglorum

461 2734 641 2806 viciniam⁶
655 2737 691 2829 (a
706 2734 832 2827 quibus
846 2735 885 2803 in
901 2734 1134 2805 ecclesiastico
1146 2735 1287 2827 quidem
1303 2733 1496 2806 ministerio
1512 2732 1601 2803 nihil

462 2852 711 2946 discrepabant,
729 2850 811 2943 quia
826 2850 920 2944 apud
935 2852 1076 2923 eosdem
1098 2851 1236 2922 fueraut
1258 2858 1332 2922 tam
1353 2849 1478 2921 nutriti
1495 2870 1602 2943 quam

462 2965 619 3058 cruditi3)
642 2978 719 3038 tum
736 2967 844 3038 etiam
860 2967 953 3058 quod
974 2968 1018 3039 ab
1035 2967 1187 3059 antiquis
1202 2967 1426 3059 temporibus,
1442 2965 1480 3036 id
1497 2973 1563 3048 est,
1580 2989 1603 3036 a

461 3091 620 3175 tempore
638 3081 831 3153 Eleutherii
851 3081 956 3177 Papae
972 3080 1080 3154 sedis⁷
1097 3083 1272 3165 Romana,
1294 3081 1486 3175 Episcopus
1505 3082 1603 3152 illius

463 3199 541 3280 loci,
561 3206 598 3268 et
619 3207 698 3291 post
720 3199 910 3269 adventum
925 3197 1117 3293 Augustini
1138 3199 1177 3268 in
1199 3197 1418 3268 Britanniam
1438 3197 1602 3280 insulam,

463 3313 737 3386 Dorobemeusis
757 3313 911 3384 ecclesie
929 3313 1205 3408 Metropolitani,
1226 3315 1382 3406 ejusdem
1398 3312 1603 3407 Archiepis-

464 3452 562 3522 copo,
585 3429 741 3499 simulet
764 3428 854 3523 Regi
871 3428 1069 3524 Anglorum
1091 3452 1228 3524 semper
1244 3429 1359 3502 fuerat
1374 3430 1546 3513 subditus,
1563 3440 1605 3502 et

406 3635 409 3646 Ι
464 3567 526 3638 per
550 3546 666 3614 omnia
691 3545 865 3616 obediens.
917 3543 1115 3617 Novissime
1136 3555 1265 3629 autem,
1287 3544 1472 3616 Willelmo
1489 3543 1604 3616 Rufo⁸

465 3659 564 3754 Rege
588 3668 765 3754 regnante,
789 3661 945 3732 maxima
964 3661 1048 3732 oleri
1069 3662 1169 3755 copia
1184 3662 1309 3743 deleta,
1335 3681 1462 3732 mm.
1479 3670 1604 3733 tamen

464 3775 637 3847 canonicis
650 3775 797 3848 ecclesia
808 3777 921 3848 iuerat
936 3778 1085 3862 munita3
1102 3800 1259 3870 quorum,
1275 3777 1314 3847 in
1328 3777 1499 3870 prasenti,
1513 3778 1604 3848 nulli

464 3902 590 3986 praeter
599 3893 684 3964 duos
694 3891 731 3961 in
739 3891 797 3964 ea⁹
809 3903 1004 3978 remanent3
1021 3902 1059 3965 et
1071 3894 1108 3963 in
1120 3893 1273 3964 dominio
1286 3893 1440 3964 ecclesiae
1453 3901 1606 3986 quatuor

464 4030 621 4090 earrucae,
643 4017 681 4078 et
704 4019 851 4102 quatuor
871 4009 976 4080 librae.
1028 4009 1108 4082 Nec
1124 4018 1263 4080 tantum
1284 4009 1323 4078 in
1341 4009 1525 4080 territoriis
1542 4011 1606 4080 ab·

464 4122 554 4207 latis,
572 4147 664 4194 nunc
680 4124 826 4196 ecclesia
841 4125 997 4196 desolata
1012 4135 1049 4197 et
1065 4122 1291 4219 despoliata,¹⁰
1302 4147 1424 4195 rerum
1440 4125 1551 4196 etiam
1568 4125 1608 4196 iu

465 4238 609 4310 decimis
630 4240 754 4311 ablatis
776 4241 851 4324 sibi,
868 4249 906 4311 et
922 4243 1082 4313 omnibus
1098 4241 1231 4312 clericis
1246 4241 1356 4312 totius
1371 4241 1606 4334 episcopatos,

465 4360 540 4423 tam
558 4353 670 4426 laicali
686 4364 861 4449 potestate
878 4379 983 4448 quam
998 4354 1275 4430 monachorumu
1291 4356 1477 4440 invasione,
1495 4381 1608 4450 quam

502 4587 716 4648 'stomaco
751 4591 1074 4664 ’Sido-cyrographum.
1092 4593 1131 4648 H.
1166 4594 1221 4648 8Ινι
1235 4594 1318 4648 deest.
1335 4592 1370 4649 0.
1404 4593 1608 4648 ⁴Sic0.Heo-

465 4675 551 4730 waldo.
570 4676 608 4731 H.
643 4678 788 4734 imao.
822 4679 1063 4735 ⁶SicO.l⁷a‘cias‘u.
1081 4678 1120 4734 H.
1153 4679 1383 4736 ⁷Sedisdccst0·
1416 4679 1608 4746 ⁸ltajbdecst.

467 4759 501 4816 0.
535 4762 615 4818 ’Meo
629 4781 678 4834 pro
693 4766 724 4818 in
739 4781 777 4819 ao.
796 4764 830 4821 0.
866 4764 1143 4836 uscudamam.
1162 4765 1200 4822 ll.
1237 4765 1478 4822 ”Honoratam
1497 4766 1546 4840 0,
