3450 5800
782 776 890 828 mnan
914 774 1174 828 LANDAVENSIS.

774 975 885 1047 Lanu
901 974 1186 1048 Gereoniumn.

462 1179 607 1262 Scitote,
634 1173 840 1248 charissimil
865 1176 999 1258 fratres,
1025 1178 1119 1269 quod
1147 1180 1185 1248 in
1211 1186 1369 1273 tempore
1392 1177 1554 1251 Oudocei

409 1296 584 1389 Episcopi,
602 1293 773 1364 diabolica
788 1292 1024 1363 admonitione
1041 1295 1170 1364 occidit
1192 1294 1390 1367 Guidnerth
1407 1297 1555 1368 fratrem

412 1435 514 1483 suum
535 1409 720 1480 Merchion
750 1431 854 1480 causa
883 1409 1115 1480 contentionis
1143 1411 1257 1505 regui;
1287 1421 1325 1483 et
1352 1421 1554 1506 perpetrato

412 1527 608 1609 homicidio,
626 1525 802 1596 fratricida
819 1524 1141 1597 excommunicatus
1158 1535 1212 1597 est
1224 1551 1246 1598 u
1256 1528 1360 1599 beato
1374 1527 1553 1612 Oudoceo,

412 1652 450 1715 st
466 1668 488 1714 a
504 1642 644 1736 Synodo
662 1640 765 1712 simul
782 1647 992 1734 congregata
1010 1640 1055 1711 ab
1072 1639 1179 1712 ostio'
1196 1643 1279 1737 Guy
1294 1667 1404 1736 usque
1420 1640 1483 1714 ad⁸
1498 1665 1555 1714 os-

412 1757 520 1830 tium²
536 1759 634 1852 Tyui,
653 1756 853 1839 Laudaviae3
879 1763 917 1826 et
936 1756 987 1827 ita
1007 1758 1183 1842 remansit,
1208 1759 1373 1854 depositis
1392 1760 1555 1832 crucibus

412 1877 457 1946 ad
473 1883 611 1956 terram,
625 1873 729 1944 simul
742 1880 779 1942 et
791 1869 965 1942 cimbalis⁴
978 1873 1093 1956 versis,
1107 1875 1219 1946 tribus
1231 1878 1339 1960 annis,
1352 1877 1417 1947 sub
1429 1876 1556 1946 eadem

412 1989 782 2072 excommunicatione,
809 1995 913 2059 etex
936 1995 1014 2057 toto
1039 1988 1113 2058 sine
1138 1989 1254 2083 aliqua
1278 1991 1558 2062 Christianorum

413 2107 667 2178 communione.
719 2103 845 2175 Finitis
860 2103 972 2174 tribus
989 2105 1096 2187 annis,
1114 2107 1295 2198 requisivit
1306 2109 1444 2178 veniam
1460 2107 1557 2200 apud

412 2225 557 2294 beatum
574 2220 790 2302 Oudoceum,
808 2227 845 2289 et
862 2216 946 2289 datia
962 2221 994 2289 ei
1012 2218 1122 2304 venii,
1140 2222 1236 2292 misit
1253 2224 1387 2294 eumin
1403 2223 1559 2316 peregri·

412 2339 592 2410 nationem
608 2359 718 2429 usquo
734 2336 779 2406 ad
796 2335 1092 2429 archiepiscopum
1105 2334 1296 2410 Dolensem
1312 2341 1350 2408 in
1362 2339 1559 2434 cornugal-

414 2451 515 2526 liam⁶
534 2461 676 2546 propter
692 2460 892 2523 veteranam
913 2451 1114 2536 amicitiam,
1132 2461 1169 2524 et
1186 2455 1431 2549 coguitionem,
1449 2477 1558 2547 quam

415 2571 525 2642 sancti
547 2578 663 2663 patres
684 2569 879 2640 habuerant
901 2576 1135 2640 antecessores
1156 2570 1209 2640 sui
1231 2570 1385 2654 intense,
1405 2570 1558 2642 Sanctus

414 2685 553 2757 Teliaus
569 2684 743 2768 videlicet,
766 2693 804 2754 et
825 2683 975 2755 Sanctus
997 2683 1154 2768 Samson,
1171 2683 1465 2780 Archiepiscopus
1486 2687 1559 2780 pri-

413 2825 492 2874 mus
509 2800 672 2872 Dolensis
689 2800 853 2885 civitatis3
880 2809 917 2872 et
937 2809 1079 2894 propter
1098 2800 1203 2872 aliam
1223 2824 1373 2886 causam,
1396 2826 1440 2874 eo
1462 2804 1560 2897 quod

413 2920 488 3014 ipse
502 2919 708 3003 Guiduerth‚
723 2927 760 2989 et
773 2917 962 3001 Brittones,
976 2924 1013 2987 et
1025 2916 1318 3012 Archiepiscopus
1333 2919 1428 2991 illius
1444 2930 1559 3007 terrae,

416 3044 531 3107 essent
546 3036 649 3105 unius
661 3035 796 3129 lingua,
811 3035 963 3105 etunius
975 3036 1134 3119 nationis,
1150 3036 1306 3128 quamvis
1319 3037 1562 3108 dividerentur

416 3153 527 3245 spatio
543 3160 723 3234 terrarum,
742 3159 779 3221 et
801 3158 901 3222 tanto
917 3150 1042 3221 melius
1061 3159 1200 3244 poterat
1220 3154 1420 3223 renunciare
1439 3154 1561 3226 scelus

416 3290 528 3349 suum,
539 3274 576 3337 ct
588 3267 841 3361 indulgentiam
853 3268 1037 3360 requirere,
1047 3269 1188 3362 cognito
1201 3290 1263 3339 suo
1274 3290 1438 3339 sermone.
1465 3267 1562 3341 Post

414 3384 490 3454 haec
506 3384 588 3453 data
607 3384 672 3454 sibi
691 3384 902 3468 remissione,
923 3407 1004 3454 cum
1021 3383 1180 3477 sigillatis
1203 3384 1323 3468 literis,
1346 3385 1448 3455 rediit
1470 3393 1561 3457 ante

416 3508 522 3593 caput
538 3500 619 3571 anni
636 3500 681 3571 ad
702 3501 860 3594 patriam,
878 3508 916 3571 et
938 3501 982 3570 ad
1004 3500 1149 3571 beatum
1165 3498 1387 3585 Oudoceum;
1412 3508 1451 3572 et
1474 3503 1562 3595 quia

415 3618 571 3688 nondum
587 3617 718 3689 fecerat
733 3640 874 3700 anuum,
893 3619 1012 3712 (quem
1030 3614 1250 3709 promiserat)
1268 3618 1306 3687 in
1322 3618 1477 3702 exulatu,
1495 3642 1560 3689 ne-

417 3757 485 3826 que
506 3735 652 3819 finierat,
676 3735 788 3807 noluit
810 3734 911 3804 illum
934 3732 1121 3816 absolvere,
1144 3735 1205 3805 sed
1229 3734 1346 3827 potius
1370 3734 1408 3803 in
1432 3736 1560 3807 eadem

414 3850 516 3923 fieret
541 3851 909 3933 excommunicatione,
935 3872 1006 3919 non
1031 3858 1166 3921 servato
1191 3851 1236 3921 ab
1263 3874 1305 3920 eo
1332 3850 1445 3942 primo
1467 3852 1559 3946 jugo

415 3968 638 4061 poenitentiae.
690 3966 862 4039 Maneute
879 3989 921 4037 eo
938 3966 976 4035 in
993 3967 1115 4036 cariem
1131 3967 1423 4059 prevaricatione,
1442 3976 1480 4037 et
1496 3991 1561 4038 ex-

416 4086 738 4169 communicatione,
756 4093 839 4155 ante
854 4083 961 4153 finem
978 4083 1060 4153 anni
1077 4081 1226 4155 Sanctus
1243 4082 1430 4154 Oudoceus
1447 4083 1562 4155 famo-

416 4200 557 4272 sissimae
572 4202 653 4273 vitae
669 4200 861 4296 Episcopus
882 4196 1085 4271 Laudaviae⁶
1101 4200 1261 4272 transivit
1281 4199 1326 4269 ad
1346 4197 1560 4285 Dominum

452 4549 705 4609 ¹SicO.kuriusimi.
724 4553 763 4608 Η.
798 4552 861 4608 2sic
875 4552 1165 4609 obcaecatorum.
1184 4554 1222 4610 H.
1257 4553 1321 4608 Md
1332 4553 1414 4609 deest.
1432 4551 1467 4607 0.
1503 4551 1559 4606 ⁴1u

415 4640 665 4781 fflfflwoss'
700 4640 1072 4712 ⁶SoupotiusinBritunnia
1083 4640 1192 4713 Minori,
1204 4640 1430 4713 utnootbugu.
1465 4638 1559 4696 ‘Lua-
