3450 5800
531 823 640 878 LIBER
663 825 923 881 uanosvsusls.
1223 814 1292 886 181

156 993 300 1066 Judheil
318 994 410 1077 Rex,
431 991 583 1077 Gurcan,
607 991 756 1077 Gabran,
782 993 886 1078 Elfin,
911 994 1088 1090 Elguarui.
1138 996 1294 1082 Quicun-

157 1108 240 1203 que1
257 1109 473 1193 custodierit,
491 1109 664 1180 custodiat
680 1109 780 1179 illum
797 1110 910 1194 Deus3
937 1112 997 1204 qui
1010 1107 1108 1183 vero²
1123 1114 1169 1183 ab
1183 1114 1295 1186 ecclc-

157 1223 206 1296 sii
223 1225 423 1310 Laudaviae,
440 1225 659 1319 separaverit,
684 1226 871 1298 anathema
887 1227 942 1298 sit.
993 1224 1121 1299 Amen.

575 1491 699 1565 Vnus
719 1491 876 1564 Bessus.

209 1693 528 1764 Demonstrandum
543 1700 600 1763 esi
614 1692 722 1775 vobis,
733 1690 942 1763 chuissimi³
957 1692 1089 1778 fratres,
1103 1696 1197 1787 quod
1205 1694 1231 1766 J
1231 1698 1294 1769 ud-

162 1810 236 1881 hail
255 1809 343 1892 Rex,
361 1815 532 1902 prasente
554 1805 727 1892 Mourico,
749 1831 867 1880 coram
889 1808 1079 1880 senioribus
1096 1809 1295 1906 Gleuissig,‘

165 1927 262 1998 dedit
278 1925 390 1995 villam
407 1923 535 1994 Bertus
551 1947 613 2017 pro
630 1925 746 1996 anima
761 1947 832 2007 sua,
850 1922 938 2007 Deo,
956 1933 994 1995 et
1011 1924 1148 1996 Sanctis
1165 1925 1295 1998 Dubri-

166 2043 229 2124 oio,
241 2040 387 2124 Teliauo,
405 2047 445 2110 et
461 2037 653 2124 Oudoceo,⁶
668 2040 705 2110 in
722 2041 931 2132 sempiterna
947 2043 1204 2113 consecratione
1220 2042 1294 2114 sine

164 2157 233 2227 uilo
248 2180 361 2240 censu,
378 2178 506 2250 magno
523 2155 579 2227 vel
591 2156 740 2240 modico,
760 2157 825 2226 ulli
841 2157 974 2228 homini
990 2166 1138 2240 terreno,
1155 2159 1221 2229 nisi
1238 2182 1295 2229 ec·

161 2273 269 2344 olcsioe
286 2271 483 2355 Laudaviae‚
501 2278 538 2342 et
554 2270 771 2366 Berthguiuo
789 2271 981 2366 Episcopo,
990 2281 1027 2343 et
1043 2274 1294 2345 successoribus

159 2389 229 2481 ejus
254 2389 293 2458 in
322 2396 502 2481 perpetuo.
553 2385 610 2458 De
636 2387 788 2470 Clericia
814 2396 924 2459 testes
949 2395 1030 2459 sunt
1058 2386 1294 2482 Berthguinus

159 2502 360 2597 Episcopus,
384 2503 533 2587 Gonuor,
553 2501 751 2586 Guolerion,
770 2501 964 2586 Guruodu,⁶
984 2499 1132 2586 Ηθίηἱΐ,7
1145 2502 1292 2589 Eudem,

160 2618 309 2692 Morhcb
331 2617 455 2690 Abbes
481 2618 576 2711 podii
600 2617 704 2702 Deui,
725 2617 863 2704 Daniel,
886 2617 1067 2702 Elhauaid‚
1090 2618 1224 2703 Guium
1250 2622 1295 2692 de

159 2735 258 2820 laicis,
284 2731 451 2806 Judhail⁸
475 2733 564 2817 Rex,
590 2743 628 2804 et
653 2733 795 2806 Mouric
818 2735 911 2806 filius
936 2735 1020 2828 ejus
1070 2733 1296 2828 Quicunque⁹

159 2853 371 2936 custodierit,
389 2851 563 2923 custodiat
579 2851 680 2923 illum
696 2850 808 2937 Deus3
835 2851 895 2944 qui
913 2873 993 2923 vero
1006 2849 1195 2934 violaverit,
1213 2873 1294 2923 ana-
1378 2874 1380 2877 ·

159 2970 273 3042 thema
288 2970 349 3041 sit.
398 2968 528 3040 Amen.

635 3234 813 3310 Missua.

209 3434 387 3508 concilius
404 3434 582 3509 Guioeniu
601 3436 694 3508 filius
717 3436 804 3508 emit
825 3458 956 3528 agium,
980 3435 1017 3505 id
1039 3443 1094 3507 est
1115 3432 1234 3505 villam
1256 3436 1293 3505 in

162 3574 232 3645 qua
253 3552 471 3645 sepulchrum
496 3560 550 3623 est
575 3550 694 3635 cumi,
720 3576 742 3623 a
766 3548 954 3622 Morcanto
980 3549 1089 3644 Rege,
1116 3558 1153 3620 et
1177 3572 1199 3619 a
1220 3550 1292 3621 filio

157 3667 235 3760 ejus
255 3666 407 3753 Judhuil,
430 3678 467 3740 et
489 3669 534 3739 ab
555 3691 665 3739 uxore
687 3668 762 3761 ojus
785 3666 990 3749 Ricceneth,
1013 3675 1051 3737 et
1072 3674 1192 3759 empta
1210 3665 1295 3735 villa

153 3783 226 3868 illa,
245 3787 350 3857 verbo
365 3786 466 3879 regis,
485 3792 522 3855 et
539 3806 716 3867 consensu,
735 3783 879 3877 lasgitus
895 3790 950 3853 est
971 3781 1067 3852 illam
1089 3783 1127 3850 in
1143 3780 1293 3851 eleemo-

151 3924 245 3995 syna,
269 3900 363 3984 Deo,
390 3908 428 3971 ei
450 3899 588 3971 Sanctis
611 3897 790 3982 Dubrieio,
816 3897 969 3979 Teliauo,
995 3905 1033 3967 ct
1056 3895 1233 3978 Oudoocc,
1256 3904 1293 3965 et

147 4014 373 4113 Berthguinc
390 4014 573 4110 Episcopo,
591 4024 628 4086 et
645 4016 806 4086 omnibus
822 4012 1076 4084 successoribus
1092 4011 1162 4081 suis
1180 4012 1218 4079 in
1237 4033 1294 4080 ec-

146 4134 252 4205 clesia
264 4132 459 4205 Lamdaviae
475 4134 512 4202 in
527 4140 706 4225 perpetuo,
720 4153 802 4201 cum
814 4137 891 4199 tota
903 4150 965 4198 sua
977 4126 1148 4209 libertato,
1162 4134 1293 4197 etcum
1419 4209 1424 4219 ⁴

145 4250 238 4335 silva
258 4258 301 4321 et
322 4248 518 4331 maritimis,
540 4256 578 4318 et
600 4246 798 4319 cumomni
820 4244 1063 4315 communione
1085 4242 1122 4310 in
1144 4264 1234 4333 aqua
1255 4250 1294 4313 et

144 4365 178 4437 in
194 4366 307 4450 silvis,
327 4365 368 4434 in
384 4386 506 4456 campo
523 4372 561 4434 et
576 4364 614 4435 in
633 4364 778 4457 pascuis.
829 4360 887 4433 De
908 4359 1061 4443 Olcriois,
1082 4367 1191 4429 testes
1212 4369 1293 4430 sunt

175 4602 259 4673 ¹ous.
280 4601 320 4659 0.
367 4600 494 4657 ascen.
512 4601 546 4658 o.
586 4600 649 4655 ³Sio
667 4600 701 4657 o.
718 4600 860 4655 camena
879 4597 917 4653 Η.
952 4596 1017 4652 *sa
1034 4595 1068 4652 o.
1087 4597 1235 4664 ociosa
1253 4593 1292 4649 Η.

142 4690 293 4761 ‘cem
310 4687 435 4745 uuam.
460 4680 499 4744 n.
533 4686 702 4745 acumem.
726 4686 760 4743 o.
795 4684 915 4751 vuemo.
936 4683 971 4740 0.
1023 4682 1120 4740 sao.
1139 4684 1228 4737 tuac.
1253 4679 1293 4735 fl.

142 4775 222 4847 ’cac
244 4778 282 4834 0.
