3450 5800
526 832 634 883 arasa
659 830 920 885 nannavmvsra
1242 818 1291 892 67

146 998 257 1083 libera,
276 1009 315 1072 et
331 1002 483 1095 integra,
497 1006 539 1069 ut
554 999 663 1092 regia3
688 1006 726 1069 et
742 1022 824 1070 cum
837 1022 899 1071 suo
911 1000 1055 1097 refugio,
1069 1024 1141 1073 non
1152 1003 1198 1073 ad
1214 1003 1294 1073 fini-

146 1128 215 1189 tum
232 1127 386 1211 tempus,
405 1118 469 1187 sed
486 1119 561 1187 sine
574 1116 734 1198 termino,
748 1116 784 1185 id
798 1124 851 1187 est
869 1118 1035 1209 quamdiu
1048 1118 1197 1190 voluerit
1213 1142 1294 1212 pro-

146 1236 250 1329 fugus,
268 1242 415 1305 maneat
432 1242 531 1303 tutus
548 1232 612 1303 sub
625 1232 700 1322 ejus
713 1231 817 1326 asylo,
831 1242 869 1303 et
881 1256 964 1303 cum
977 1234 1067 1305 datis
1079 1237 1290 1329 corporibus,

147 1360 178 1421 et
192 1352 452 1423 commendatis
470 1349 609 1443 Regum
630 1349 739 1418 totius
759 1349 931 1441 parochiae
948 1348 1135 1422 Laudaviae
1156 1353 1194 1421 in
1213 1374 1292 1445 per-

147 1478 258 1560 petuo.
312 1466 524 1539 Paroohiam
540 1488 622 1535 vero
640 1466 844 1556 quinceutas
861 1466 982 1549 tribus,
1008 1469 1103 1538 sinus
1124 1466 1289 1552 Sabrina,

152 1583 258 1665 Ercic,
281 1593 318 1655 et
335 1580 524 1677 Anercyc‚¹
547 1606 568 1652 a
585 1580 754 1651 Mochros
771 1604 875 1675 super
892 1584 1004 1676 ripam
1021 1583 1104 1677 Guy
1119 1606 1229 1677 usque
1245 1586 1291 1657 ed

151 1701 296 1772 insulam
311 1697 458 1771 Terthi.²
509 1698 557 1769 Et
578 1706 720 1791 propter
737 1699 960 1769 sanctitatem
981 1722 1089 1783 suam,
1112 1710 1149 1771 et
1168 1702 1292 1795 praedi-

154 1819 321 1887 nationem
341 1815 542 1909 praeclaram
559 1816 655 1886 beati
677 1816 833 1908 pastoris,
852 1825 890 1885 et
905 1815 1059 1910 regalem
1075 1816 1292 1909 parentelam

155 1954 256 2016 suam,
282 1932 396 2025 plures
418 1932 573 2003 ecclesiae
595 1954 676 2001 cum
698 1933 768 2001 suis
790 1932 938 2014 dotibus,
965 1932 1119 2015 decimis,
1145 1933 1293 2003 oblatio-

154 2049 257 2131 nibus,
281 2050 477 2142 sepulturis,
503 2048 693 2129 territoriis,
718 2057 756 2117 et
773 2047 883 2118 libera
898 2049 1143 2118 communione
1161 2072 1290 2132 earum,

152 2164 233 2235 datae
249 2176 332 2235 sunt
355 2167 420 2235 sibi
438 2162 493 2236 et³
509 2165 663 2235 ecclesia
682 2162 878 2247 Laudaviae,
899 2172 937 2235 et
953 2164 1206 2236 successoribus
1222 2168 1293 2237 suis

151 2282 313 2364 omnibns,
341 2306 364 2352 a
389 2281 547 2375 Regibus
569 2290 605 2351 et
624 2280 844 2373 Principibus
869 2282 978 2351 totius
1003 2282 1100 2375 regni
1126 2282 1293 2352 dextralis

150 2393 345 2481 Britanniae,
361 2406 492 2469 etcum
510 2398 675 2491 praedicta
692 2398 873 2491 dignitate.
926 2398 1109 2469 Statutum
1126 2409 1181 2470 est
1197 2401 1293 2471 enim

151 2512 336 2605 apostolica
359 2514 569 2585 auctoritate
591 2516 691 2585 istius
713 2515 867 2585 ecclesiae
889 2515 1119 2607 privilegium,
1144 2525 1187 2585 ut
1209 2538 1292 2585 cum

152 2652 205 2701 sua
219 2632 407 2726 dignitate,
430 2630 475 2701 ab
493 2632 587 2701 omni
610 2629 781 2701 saecularis
804 2631 937 2701 servitii
958 2633 1159 2725 gravamine
1181 2631 1291 2702 libera

152 2748 377 2840 inposterum
394 2756 545 2831 maneat,
564 2757 600 2818 et
618 2749 746 2840 quieta.
798 2746 1024 2838 Quaecunque
1041 2744 1139 2817 vero⁴
1152 2770 1293 2818 conces-

152 2866 235 2936 sione
251 2865 474 2959 pontificum,
490 2864 698 2936 liberalitate
714 2865 920 2959 principum,
935 2863 1111 2934 oblatione
1123 2863 1291 2949 fidelium,

152 2981 200 3052 vel
214 2983 290 3053 aliis
310 2983 420 3075 justis
436 2983 549 3052 modis
567 2982 680 3052 eidem
698 2982 933 3075 pertinebunt,
955 2982 989 3051 ei
1005 2981 1106 3051 firma
1122 2982 1159 3050 in
1174 2989 1292 3074 poste·

152 3119 228 3180 nun,
245 3108 282 3169 et
300 3101 442 3192 integra
459 3107 715 3169 conserventur.
766 3097 992 3189 Quaecunque
1004 3105 1171 3190 praeterea
1183 3099 1220 3167 in
1237 3099 1292 3168 fu-

152 3223 259 3285 turum
283 3216 475 3310 (largiente
499 3213 590 3304 Deo)
611 3213 708 3307 juste
731 3239 772 3286 ac
794 3213 960 3285 canonice
982 3215 1112 3307 poterit
1135 3215 1289 3308 adipisci,

153 3333 261 3422 quieta
282 3335 316 3404 ei
342 3354 492 3425 semper,
519 3340 555 3403 et
580 3332 716 3402 illibata
739 3339 976 3424 permaneant.
1029 3327 1291 3424 Decretumque

155 3457 258 3517 estut
277 3449 365 3520 nulli
387 3443 531 3518 omnind
551 3448 733 3518 homiuum
756 3446 861 3518 liceat
881 3448 1083 3540 praedictam
1106 3448 1290 3520 ecclesiam

157 3563 279 3634 temere
294 3567 505 3658 perturbare,
520 3574 581 3634 aut
594 3565 668 3656 ejus
684 3565 916 3657 possessiones
927 3563 1072 3648 auferre,
1086 3565 1143 3635 vel
1156 3564 1290 3636 ablatas

156 3679 307 3762 retinere,
323 3679 376 3751 vel
393 3682 562 3763 minuere,
581 3681 638 3750 vel
656 3682 848 3752 temerariis
865 3681 1109 3752 vexationibus
1125 3681 1286 3773 fatigare3

154 3801 191 3864 et
208 3797 319 3866 omnia
332 3799 373 3881 ei,
400 3820 483 3868 cum
504 3797 692 3890 parrochiae
708 3797 844 3880 finibus,
872 3804 1128 3867 conserventur.
1180 3793 1290 3888 Siqua

151 3911 255 4004 igitur
271 3913 307 3982 in
325 3914 484 3984 futurum
501 3913 743 3996 ecclesiastica,
761 3913 977 3984 saecularisve
992 3933 1149 4004 persona,
1167 3918 1289 3982 contra

148 4028 233 4099 hanc
249 4029 381 4102 temere
398 4031 517 4102 venire
533 4032 731 4112 tentaverit,
750 4031 912 4111 seeundo,
930 4028 1080 4098 tertiove
1096 4029 1288 4098 commoni·

147 4155 188 4230 ta,
198 4149 225 4218 si
237 4171 308 4218 non
317 4147 554 4218 satisfactione
564 4169 717 4241 congrua
726 4146 973 4226 emendaverit,
984 4145 1168 4236 potestatis
1177 4143 1287 4213 hono·

147 4266 255 4356 risque
277 4265 334 4334 sui
351 4264 522 4358 dignitate
540 4271 664 4346 careat,
686 4287 851 4356 reamque
874 4285 912 4333 se
934 4261 1051 4331 divino
1069 4259 1204 4351 judicio
1227 4283 1289 4330 ex·

146 4380 244 4451 istere
261 4381 308 4451 de
326 4389 525 4474 perpetrata
541 4380 727 4472 iniquitate
739 4387 940 4474 cognoscat3
966 4385 1003 4448 et
1019 4401 1041 4448 a
1057 4376 1288 4447 sacratissimo

224 4784 369 4840 lunarat.
387 4785 420 4840 Ο.
455 4784 566 4842 ’reeta
585 4783 619 4841 0.
655 4781 710 4840 Ἐὐ
722 4782 873 4856 suppletur.
893 4781 927 4838 B.
962 4781 1145 4837 *Venderet
1163 4781 1198 4836 0.

703 4895 731 4948 K
