3450 5800
526 785 635 838 urens
659 784 919 838 usunsvrusrs.
1222 771 1292 845 175

163 958 355 1030 hereditate
372 975 533 1026 succum
550 951 684 1024 duabus
699 953 811 1024 unciis
827 953 902 1048 egri
914 952 1003 1037 Deo,
1016 965 1055 1026 et
1067 953 1206 1029 Sanctis
1219 958 1295 1030 Du·

163 1075 267 1156 bricio,
280 1071 439 1158 Telisuo,
446 1078 484 1142 et
497 1068 675 1151 Oudoceo,
681 1075 719 1139 et
728 1069 766 1140 in
781 1090 889 1140 menn
901 1069 1111 1166 Berthguini
1118 1070 1294 1169 Episcopi,

162 1213 229 1261 cum
245 1211 312 1262 sna
327 1196 407 1260 tote
422 1186 596 1269 libertate,
613 1185 651 1254 in
660 1192 839 1278 perpetuu,
856 1185 932 1266 sine
947 1188 1020 1258 ullo
1036 1210 1143 1261 censu
1162 1190 1297 1262 homini

164 1319 300 1389 terreno,
325 1304 394 1376 nisi
419 1303 575 1376 ecclesiae
600 1301 796 1386 Lunderiae,
822 1310 860 1374 et
883 1305 1078 1397 pastoribus
1102 1306 1187 1400 ejus.
1237 1307 1296 1380 De

164 1423 306 1506 clericis,
325 1427 436 1492 testes
456 1427 539 1492 sunt
559 1417 797 1512 Berthguinus
809 1417 1013 1514 Episcopus,
1027 1420 1161 1516 Sulgen
1172 1422 1296 1498 Abbcs

166 1539 286 1622 cenci,
300 1535 434 1610 Seturn
446 1534 569 1608 Abbes
583 1533 756 1618 Docunni,
771 1534 952 1608 Gurhouel
964 1534 1087 1610 Abbes
1100 1538 1225 1625 Ilduti3
1251 1542 1296 1614 de

166 1655 261 1738 luicis,
278 1653 445 1726 Morcant
465 1652 554 1735 Res,
568 1649 697 1734 Olodri,
711 1649 736 1721 J
736 1673 809 1736 acc,
824 1651 1053 1737 Gunidnerth,
1071 1653 1190 1740 Elcoc‚
1204 1658 1296 1729 Gur.

169 1795 297 1866 gemm,
310 1769 461 1854 Ciueret,
476 1768 611 1852 Cutem,
624 1766 813 1852 Louronui,
826 1767 986 1854 Mordoc,
1004 1769 1192 1857 Biuhenrn,
1205 1773 1296 1846 Mob

171 1886 296 1958 libleid
344 1885 430 1958 Post
447 1885 591 1980 longum
607 1893 747 1978 tempus
763 1885 905 1956 resolvit
921 1884 1040 1958 Ouleu
1055 1889 1297 1982 captivitatem

172 2003 252 2074 illius
270 2001 341 2097 agri
360 2003 405 2073 de
426 2009 602 2096 potestate
622 2001 712 2084 laici,
730 2008 768 2072 et
786 2002 940 2074 reddidit
956 2001 1045 2087 Deo,
1063 2012 1101 2076 et
1117 2003 1297 2090 Dubrieio,

171 2117 306 2202 Telinuo,
325 2127 362 2190 et
379 2117 558 2201 Oudoceo,
580 2116 767 2189 liberatum
788 2117 834 2188 ab
856 2119 952 2190 omni
973 2120 1087 2192 laicali
1109 2123 1296 2207 invasione,

170 2235 307 2308 Grecieli
320 2235 505 2330 Episcopo,
519 2258 583 2329 pro
595 2233 712 2306 anime
723 2255 800 2317 sue3
825 2242 863 2306 et
876 2244 956 2328 post
972 2237 1196 2310 intervallum
1207 2248 1299 2312 tem-

165 2354 253 2445 poris,
270 2351 415 2424 resolvit
431 2351 560 2422 iterum
572 2350 649 2422 Fau
665 2357 778 2421 totum
791 2352 1033 2444 captivitatem
1048 2355 1142 2428 illius
1158 2358 1243 2452 ngn',
1260 2365 1299 2430 et

166 2468 311 2540 laicalem
326 2468 554 2551 invasionem,
566 2474 605 2538 et
622 2466 811 2538 liberatum
827 2469 980 2540 reddidit
994 2471 1033 2541 in
1048 2494 1156 2544 menn
1168 2473 1298 2547 Geren·

167 2585 215 2654 tiri
226 2585 390 2680 Episcopi
403 2583 599 2666 Landaviae,
613 2591 651 2654 et
663 2604 744 2654 cum
753 2584 927 2676 predictis
940 2585 1075 2659 duabus
1089 2590 1201 2661 unciis
1212 2593 1296 2686 agri,

166 2701 244 2773 inter
271 2701 398 2772 silvam
422 2708 460 2772 et
488 2721 661 2794 campum,
692 2707 730 2772 et
759 2721 896 2792 uquam.
948 2700 1159 2795 Quicunque
1183 2715 1299 2778 custo-

166 2817 265 2903 dierit,
288 2817 496 2890 benedictus
518 2817 578 2901 sit3
604 2817 665 2909 qui
687 2824 808 2888 eutem
830 2816 1022 2902 violaverit,
1038 2819 1226 2891 anathema
1241 2821 1300 2901 sit'

166 2934 281 3007 Amen.
335 2934 432 3005 Finis
447 2932 541 3006 illi'us
558 2942 621 3018 est,
639 2932 740 3027 Aper
755 2930 889 3004 humir¹
909 2934 948 3004 in
967 2935 1043 3007 nisc
1062 2937 1216 3008 mnliduc
1236 2939 1299 3011 bet

168 3051 261 3123 ibluin
276 3050 387 3135 huisc,
404 3074 444 3123 ar
459 3050 472 3121 i
488 3050 543 3121 hit
559 3052 621 3122 bet
637 3074 722 3144 uper
737 3057 824 3121 nant
840 3050 968 3121 bichun
984 3052 1137 3125 mulidue
1154 3053 1298 3138 diuinid,

169 3166 308 3239 dirbron
324 3166 406 3239 irult
430 3168 475 3238 ed
499 3167 670 3249 dextrum,
697 3167 751 3238 dir
774 3166 836 3238 ard
861 3166 932 3236 trui
956 3166 1168 3241 irdouciuui'
1183 3194 1222 3241 cr
1244 3171 1300 3241 hit

169 3283 249 3354 irurd
262 3283 354 3355 nihit
370 3306 418 3377 ny
433 3283 521 3354 bron
537 3283 619 3353 irelt
636 3282 672 3353 di
689 3283 808 3353 circhu
824 3283 920 3355 blein
936 3294 1023 3357 nent
1038 3286 1164 3370 humis,
1182 3287 1219 3358 id
1235 3296 1298 3371 est,

171 3408 246 3471 nant
258 3400 412 3483 merthir,
429 3400 490 3471 ubi
506 3400 648 3493 incepit.

650 3664 804 3737 Junnru.

214 3862 342 3937 Videns
366 3864 498 3937 Mabsn
520 3875 728 3959 praesentem
750 3866 860 3937 ritum
881 3866 1049 3937 caducum
1066 3887 1150 3946 esse,
1170 3872 1209 3936 et
1224 3887 1300 3938 cor·

164 3982 369 4074 ruptibilem,
399 3982 487 4054 emit
512 3983 622 4054 vitam
653 3982 954 4076 incorruptibilem
986 4004 1049 4076 pro
1074 3980 1299 4073 corruptibili,

162 4098 558 4193 eleemosynemfeciens,
564 4097 684 4171 Deum
693 4100 896 4195 recognovit
905 4099 1019 4171 dendo
1029 4095 1301 4170 villstudbiu³

160 4238 219 4307 pro
235 4217 353 4288 anime
368 4240 440 4303 sua,
458 4239 562 4310 super
576 4216 686 4289 altere
699 4215 909 4289 Sanctorum
922 4214 1091 4299 Dubr'icii,
1105 4213 1249 4297 Telieui,
1263 4223 1301 4287 et

162 4330 326 4417 Oudooei,
345 4335 436 4405 etin
450 4356 558 4405 manu
570 4333 779 4429 Berthguini
797 4333 971 4428 Episcopi,
989 4356 1071 4405 cum
1087 4338 1243 4405 suntote
1258 4329 1301 4401 li·

160 4446 304 4536 bertate,
318 4459 357 4521 et
369 4450 464 4521 omni
477 4452 722 4522 communione
737 4452 775 4521 in
790 4474 914 4545 eampo
927 4460 965 4523 et
980 4452 1018 4522 in
1034 4452 1141 4545 equis,
1159 4450 1197 4521 in
1212 4447 1300 4519 silva

348 4748 488 4806 ¹Huuuir.
505 4752 539 4807 0.
576 4750 790 4806 ’Iruoueosu
825 4749 889 4806 ⁸Sic
907 4748 1113 4819 O-Judor'uffl.
