3450 5800
401 787 472 861 178
771 803 881 855 nrum
903 801 1163 857 munimus

400 984 438 1046 et
453 975 491 1044 in
510 995 616 1044 manu
633 969 842 1063 Berthguini
859 969 1035 1064 Episcopi,
1051 979 1090 1040 et
1105 969 1267 1040 omnibns
1282 972 1539 1043 successoribus

398 1092 469 1164 suis
489 1091 527 1160 in
549 1085 695 1160 ecclesia
716 1085 913 1170 Laudaviae,
938 1095 1079 1158 etcum
1101 1087 1198 1157 omni
1219 1109 1283 1158 sua
1300 1087 1473 1173 libertate,
1499 1097 1541 1160 ct

398 1214 476 1278 tota
490 1205 734 1278 communione
750 1203 788 1272 in
804 1225 929 1296 campo
944 1212 983 1274 et
1002 1203 1040 1272 in
1055 1203 1160 1286 silvis,
1176 1203 1215 1273 in
1234 1227 1325 1296 aqua
1344 1213 1382 1274 et
1401 1207 1440 1275 in
1459 1228 1541 1299 pas-

399 1326 483 1394 cuis.
538 1320 595 1392 De
624 1318 779 1403 clericis,
808 1327 918 1390 testes
950 1329 1033 1391 sunt
1060 1317 1297 1414 Berthguinus
1330 1317 1538 1414 Episcopus,

397 1439 568 1521 Turchan,
586 1436 713 1531 Dagan
727 1434 850 1507 Abbas
867 1435 1018 1507 Cerbani
1037 1435 1147 1519 vallis,
1171 1435 1324 1531 Elguoid
1339 1435 1462 1508 Abbas
1485 1437 1540 1508 Il-

397 1557 484 1638 duti,
503 1551 649 1626 Satum¹
660 1552 784 1624 Abbas
796 1549 974 1636 Docunni;
999 1552 1045 1622 dc
1059 1552 1167 1636 laicis,
1183 1550 1329 1623 Judhail
1345 1552 1434 1635 Rex,
1453 1552 1539 1623 Fer-

397 1672 494 1743 nunil
518 1679 555 1742 ct
580 1669 722 1741 Mouric
745 1668 809 1738 filii
833 1668 918 1760 ejus
943 1668 1037 1752 Ilias,
1068 1668 1171 1754 Elfin,
1198 1667 1339 1753 Mnbsu
1359 1666 1539 1740 Judncrth

397 1789 490 1859 filius
501 1785 748 1882 Judguallaun,
762 1783 939 1854 Diunerth
954 1784 1047 1855 iilius
1058 1783 1083 1856 J
1084 1787 1174 1869 udic,
1188 1784 1325 1869 Ceriau,
1331 1783 1538 1869 Guoruodu,

398 1905 550 1987 Conhac,
567 1902 592 1975 J
593 1903 717 1974 udnoc.
767 1898 995 1994 Quicunque²
1009 1902 1222 1986 custodierit,
1247 1902 1421 1972 custodiat
1435 1902 1540 1972 illum

398 2021 510 2105 Deus;
535 2020 595 2112 qui
620 2025 739 2091 autem
760 2017 804 2088 ab
829 2018 976 2090 ecclesia
1001 2017 1187 2090 Laudavioe
1210 2019 1430 2111 separaverit,
1456 2042 1540 2090 ana-

397 2136 518 2208 thema
533 2136 588 2206 sit.
639 2132 768 2204 Amen.

854 2399 938 2471 Iun
951 2399 1081 2471 Trssor.

448 2599 713 2672 Praevidendum
738 2607 792 2670 est
820 2600 921 2672 nobis
945 2600 1040 2693 quod
1064 2599 1216 2683 Conhac,
1242 2601 1287 2672 de
1310 2600 1451 2694 propria
1475 2623 1541 2673 sua

396 2718 601 2789 haereditate
617 2715 715 2789 dedit
730 2717 861 2809 podum
878 2715 1001 2788 Sancti
1021 2715 1157 2801 Tissoi,⁸
1171 2715 1304 2788 alumni
1321 2714 1445 2788 Sancti
1462 2716 1541 2788 Dn-

396 2835 505 2920 bricii,
529 2834 622 2929 quod
644 2833 758 2907 fuerat
779 2835 937 2927 ejusdem
953 2832 1114 2905 Dubricii
1137 2833 1346 2927 abantiquo
1367 2842 1539 2929 tempore,

397 2975 460 3046 pro
481 2952 722 3045 redemptione
744 2952 869 3022 animae
888 2974 968 3035 suae,
990 2949 1079 3035 Deo,
1103 2959 1141 3022 et
1163 2950 1294 3021 Sancto
1313 2950 1423 3025 Petro
1438 2974 1543 3045 apos-

397 3068 481 3152 tolo,
499 3076 536 3139 et
553 3067 691 3139 Sanctis
708 3068 887 3152 Dubricio,
904 3066 1057 3152 'foliano
1075 3078 1113 3139 et
1129 3066 1306 3151 Oudoceo,
1323 3076 1362 3139 et
1377 3069 1415 3138 in
1429 3090 1543 3139 manu

399 3184 607 3278 Berthguini
629 3183 802 3278 Episcopi,
826 3193 865 3256 et
885 3186 1045 3255 omnibus
1065 3184 1320 3256 successoribm
1335 3184 1408 3276 ejus
1423 3184 1461 3254 in
1478 3208 1541 3255 ec-

398 3300 503 3372 clesis
519 3299 715 3384 Laudaviae,
732 3308 770 3371 et
786 3324 868 3371 cum
883 3310 961 3373 tota
976 3324 1040 3373 stra
1054 3301 1228 3385 libertate,
1245 3302 1283 3371 in
1298 3322 1420 3394 campo
1436 3309 1476 3370 et
1498 3301 1541 3371 in

399 3415 503 3499 silvis,
520 3416 557 3485 in
574 3439 664 3509 aqua
680 3426 718 3490 et
733 3418 771 3487 in
791 3420 938 3511 pascuis,
955 3427 993 3490 et
1009 3441 1091 3489 cum
1107 3420 1203 3490 omni
1225 3418 1312 3490 silva
1327 3440 1398 3501 suu,
1414 3416 1540 3501 libera,

399 3556 480 3604 cum
491 3532 679 3627 glandine,⁴
690 3542 728 3605 et
740 3536 904 3629 accipitre
916 3536 954 3606 in
963 3537 1050 3608 silvo
1060 3544 1236 3619 manente,
1249 3536 1324 3607 sine
1333 3534 1407 3605 ullo
1419 3557 1540 3617 censu,

397 3672 525 3746 magno
537 3650 595 3722 vel
609 3650 757 3735 modico,
770 3651 834 3722 ulli
845 3652 979 3724 homini
991 3661 1139 3736 terreno,
1152 3652 1220 3723 nisi
1231 3650 1386 3723 ecclesiae
1400 3649 1542 3721 Lauda-

398 3766 471 3851 viae,
493 3774 531 3838 et
552 3767 781 3840 servientibus
798 3770 878 3840 suis.
929 3768 987 3841 De
1003 3768 1157 3851 Olericis,
1178 3776 1288 3840 testes
1307 3776 1391 3839 sunt
1410 3766 1542 3838 Berth-

398 3884 524 3979 guinus
547 3882 749 3978 Episcopus,
772 3884 943 3969 anchan,
966 3886 1110 3970 cousin,
1134 3882 1288 3968 Samuel,
1307 3884 1413 3967 Deui,
1437 3882 1541 3954 Mor·

399 4002 485 4096 hep;
519 4003 563 4073 de
587 4002 693 4087 laicis,
718 4001 865 4076 Judhail
889 4005 979 4090 Rex,
1006 4003 1183 4101 Conhage,
1209 4001 1362 4085 Gabran,
1393 4000 1540 4085 Mabsu,

400 4118 536 4204 Ceriau,
552 4117 932 4205 Judnerth,Gumodu.
983 4123 1193 4216 Quicunque
1206 4118 1422 4204 custodierit,
1431 4119 1543 4190 bene·

399 4235 548 4320 dicetur;
562 4236 621 4328 qui
632 4260 715 4310 vero
727 4237 918 4322 violaverit,
932 4239 1263 4311 excommunicetur.
1306 4234 1437 4307 Amen
1480 4232 1544 4306 Fi-

400 4352 453 4422 nis
469 4351 562 4424 illius
574 4360 639 4438 est,
657 4354 758 4427 Inter
772 4354 896 4428 silvam
908 4363 946 4426 et
962 4378 1134 4451 campum,
1152 4365 1191 4428 et
1205 4354 1297 4426 infra
1311 4352 1465 4425 rivulum
1477 4350 1545 4425 El-

401 4666 573 4823 pli-sagma
591 4668 625 4725 Ο.
660 4670 741 4740 ’eut
760 4670 793 4728 0.
828 4672 935 4743 myos.
953 4674 987 4731 Ο.
1022 4674 1096 4746 «sie,
1113 4692 1164 4748 pro
1178 4676 1281 4745 plaude,
1294 4671 1496 4744 verounum.
1504 4669 1550 4728 Β.

440 4772 460 4809 t.
