3450 5800
529 837 637 889 mnan
662 837 922 889 nannrvnusn.
1251 808 1298 881 53

9 980 10 1059 i
143 1012 261 1081 minus
284 1006 522 1078 sufficientem
547 1005 740 1089 credebam,
767 1012 937 1097 quantum
959 1003 1058 1097 potui
1080 996 1207 1083 reatiti3
1232 999 1294 1069 sed

143 1128 305 1220 injuncta
325 1124 415 1194 mihi
437 1146 485 1195 ex
505 1130 605 1215 parte
628 1121 697 1192 Dei
714 1129 752 1193 et
768 1122 922 1193 ecclesiae
939 1130 976 1193 et
992 1123 1140 1194 fratrum
1159 1130 1292 1193 nostro-

145 1266 224 1312 rum
236 1242 449 1323 obedientia,
460 1240 610 1309 confisus
621 1238 665 1309 de
674 1240 926 1311 sustentatione
936 1239 1061 1310 divinae
1070 1240 1199 1334 gratiae,
1211 1238 1292 1309 obe-

145 1360 229 1429 divi.
281 1356 516 1427 Postmodum
529 1378 610 1426 vero
624 1353 750 1425 Petrus
768 1353 906 1439 Leonis,
924 1356 1017 1448 quod
1033 1379 1055 1426 a
1071 1354 1183 1449 longis
1198 1363 1293 1425 retro

147 1474 368 1568 temporibus
383 1474 422 1543 in
439 1470 493 1544 se¹
511 1478 727 1564 conceperat,
740 1494 803 1563 per
818 1472 967 1543 fratrum
982 1480 1020 1543 et
1035 1479 1219 1567 parentum
1236 1495 1293 1542 su-

9 1674 10 1691 *
148 1614 254 1661 orum
275 1591 481 1683 potentiam,
506 1596 545 1659 et
560 1587 708 1658 aliorum
728 1588 896 1659 laicorum
913 1589 1123 1672 violentiam,
1149 1589 1293 1660 rubeam

153 1731 306 1801 cappam
320 1708 383 1779 sibi
400 1706 576 1788 assumsit3
602 1712 639 1775 et
656 1705 706 1775 sic
721 1711 871 1775 matrem
889 1704 1084 1776 Romanam
1100 1705 1292 1787 ecclesiam,

154 1848 224 1917 per
246 1824 553 1895 ecclesiasticarum
575 1844 692 1893 rerum
715 1821 1009 1913 dilapidationem,
1032 1828 1070 1891 et
1092 1820 1296 1892 allusionem

9 1988 11 2001 ι
153 1941 343 2034 sanguinis,
364 1939 489 2009 nititur
512 1960 691 2030 occupare.
744 1936 863 2008 Nemo
879 1961 963 2031 ergo
980 1960 1041 2007 vos
1060 1934 1237 2008 inanibus²
1259 1947 1297 2009 et

152 2057 338 2129 fallacibus
366 2056 480 2126 verbis
509 2055 671 2137 seducat3
705 2075 810 2124 nemo
839 2054 1042 2124 firmitatem
1070 2061 1221 2125 vestram
1251 2055 1295 2125 ab

151 2174 291 2243 unitate
303 2171 459 2243 ecclesiae
474 2162 621 2241 dividat:
647 2168 887 2241 Antichristus
904 2172 1007 2253 enim,
1024 2170 1061 2240 in
1077 2170 1147 2240 fine
1163 2172 1295 2253 mundi,

152 2289 341 2359 ecclesiam
353 2286 423 2357 Dei
438 2287 533 2358 duris
546 2286 822 2380 oppressionibus
834 2286 997 2357 infestare
1010 2286 1161 2357 laborat:
1185 2286 1298 2358 Navis

153 2405 328 2497 siquidem
354 2404 450 2476 beati
476 2402 574 2474 Petri
599 2404 636 2472 in
661 2425 730 2495 qua
755 2403 913 2474 Christus
938 2403 1046 2486 sedet,
1071 2404 1298 2475 inundatione

156 2520 329 2591 fluctuum
350 2520 538 2613 aliquando
555 2520 761 2601 concutitur,
780 2541 901 2589 verum
918 2519 1057 2590 Christo
1074 2542 1152 2589 eam
1172 2521 1299 2613 guber-

155 2647 270 2721 nante,
283 2637 401 2731 mergi
418 2659 489 2706 non
499 2644 625 2729 potest.
669 2634 773 2719 Quod
786 2636 814 2705 si
827 2635 970 2705 nuntius
981 2631 1192 2705 Antichristi
1204 2635 1301 2706 aliud

156 2755 251 2824 vobis
266 2752 481 2846 persuadere
494 2759 638 2823 conatus
654 2750 768 2833 fuerit,
786 2750 908 2843 procul
924 2751 1067 2843 abjectis
1083 2752 1190 2843 ipsius
1207 2751 1301 2822 dela-

156 2870 318 2952 tionibus,
337 2877 506 2962 tanquam
523 2868 693 2940 columnae
709 2866 916 2949 immobiles,
938 2867 975 2937 in
991 2867 1061 2938 fide
1076 2868 1172 2940 beati
1189 2868 1297 2951 Petri,

158 2994 192 3056 et
207 3009 338 3067 amore,
352 2993 391 3056 et
408 2986 602 3056 reverentia
618 2991 744 3055 sanctae
761 2983 882 3054 matris
898 2984 1061 3068 ecclesiae,
1074 2986 1301 3057 immobiliter

159 3102 359 3194 persistatis.
413 3099 492 3171 Nos
508 3109 627 3172 autem
644 3099 826 3194 praefatum
844 3099 991 3171 Petrum
1009 3100 1146 3184 Leonis,
1163 3111 1238 3172 tam
1255 3103 1300 3174 de

159 3219 335 3289 communi
357 3218 603 3310 praedictorum
626 3215 878 3308 Episcoporum
896 3225 933 3288 et
949 3217 1199 3290 catholicorum
1216 3218 1300 3290 Oar-

160 3335 328 3406 dinalium
345 3333 491 3404 consilio
509 3341 546 3404 et
563 3331 753 3416 voluntate,
772 3355 878 3424 quam
894 3341 932 3404 et
947 3333 1094 3404 aliorum
1112 3333 1301 3429 Episcopo-

162 3473 248 3532 rum,
257 3452 317 3543 qni
327 3452 372 3521 de
382 3450 526 3520 diversis
537 3449 659 3518 mundi
673 3449 829 3541 partibus
844 3451 1043 3545 congregati
1053 3451 1200 3535 fuerant,
1212 3453 1302 3523 desi-

168 3565 272 3647 derio,
287 3567 398 3658 prima
411 3566 469 3637 die
483 3565 657 3635 dominica
673 3564 799 3635 mensis
813 3563 938 3636 Martii
950 3569 1303 3652 excommunicantes,

171 3678 334 3751 “Saranae
352 3683 389 3751 in
410 3682 594 3753 interitum
611 3681 721 3752 carnis
738 3681 952 3765 tradidimus,
978 3691 1019 3752 ut
1035 3684 1176 3775 spiritus
1191 3685 1229 3753 in
1246 3684 1303 3754 die

171 3794 343 3867 “Domini
365 3799 481 3870 salvus
510 3794 621 3870 fiat.''³
679 3796 761 3869 Dat.
789 3799 882 3890 apud
911 3796 1132 3880 Palladium*
1161 3818 1196 3868 v.
1222 3821 1302 3869 non.

166 3909 316 3982 Μειήίἰ.5

212 4143 467 4216 Innocuumus
489 4143 691 4242 Episcopus,
718 4168 835 4218 servus
859 4169 1035 4216 servorum
1062 4145 1141 4230 Dei,
1168 4149 1304 4220 dilectis

161 4259 251 4344 filiis,
265 4259 377 4332 clero⁶
389 4269 427 4332 et
438 4263 568 4355 poprdo
585 4287 648 4358 per
662 4263 859 4357 parrochias
874 4261 1003 4346 Goher,
1017 4262 1198 4350 Chedueb,
1213 4265 1305 4339 Oan-
1365 4267 1368 4272 ’

162 4378 364 4460 trebacban,
378 4376 554 4462 Estrateu,
568 4378 688 4475 Ergin,
702 4378 913 4462 constitutis,
927 4379 1075 4450 salutem
1089 4388 1127 4452 et
1143 4384 1306 4477 apostoli-

201 4710 308 4768 ¹SicB.
320 4717 392 4770 Inte.
409 4715 491 4771 MSS.
527 4718 727 4774 ²Muntbua0.
762 4719 954 4776 ³lCor.v.6.
989 4718 1254 4792 ⁴Irag.Po1otinam.
1273 4717 1307 4773 B.

163 4798 317 4871 'abludit
336 4801 415 4857 A.D.
428 4807 506 4860 1130.
542 4805 606 4861 fisis
619 4805 652 4861 0.
666 4807 733 4862 Glro.
754 4805 792 4862 H.
