3450 5800
418 746 493 819 212
790 759 899 811 aman
923 755 1186 809 mnsvnnsra

420 938 556 1029 partem
580 926 688 999 totius
712 927 786 1021 agri
811 924 1018 1009 Cairnonou,
1045 923 1133 1009 Deo,
1160 929 1197 994 et
1222 920 1362 995 Sanctis
1378 920 1562 1007 Dubricia

420 1047 576 1128 Teliauo,
593 1051 631 1115 et
646 1041 823 1125 Oudoceo,
840 1050 879 1112 et
898 1040 996 1113 Patri
1019 1040 1201 1135 Episcopo,
1225 1046 1263 1111 et
1287 1040 1447 1111 omnibus
1469 1041 1563 1134 epis·

423 1164 519 1257 copie
536 1159 721 1233 Landaviae
736 1160 775 1229 in
789 1164 969 1252 perpetuo,
983 1180 1065 1229 cum
1081 1165 1158 1229 tota
1169 1179 1232 1229 sua
1242 1156 1414 1240 libertate,
1428 1164 1466 1227 et
1478 1180 1562 1227 cum

421 1278 598 1352 coretibus
614 1276 694 1360 suis,
711 1275 785 1347 sine
800 1273 874 1345 ullo
887 1296 993 1347 consu
1008 1274 1142 1345 homini
1158 1281 1305 1357 terrch
1322 1274 1390 1347 nisi
1406 1273 1563 1345 ecclesia

425 1396 622 1478 landariae,
643 1391 882 1465 habitantibus
903 1390 1035 1475 incolis,
1058 1398 1096 1463 ct
1116 1389 1338 1475 habitatur-iu
1364 1390 1447 1461 data
1464 1410 1563 1461 com·

425 1513 591 1584 munione
605 1512 644 1582 in
659 1531 783 1603 campo
795 1516 834 1579 et
849 1508 887 1577 in
903 1507 1009 1592 silvis,
1024 1508 1062 1577 in
1077 1502 1170 1601 aqui
1185 1514 1223 1579 et
1237 1507 1276 1577 in
1290 1507 1437 1600 pascuis,
1454 1506 1562 1579 rcrbo

425 1638 465 1702 et
480 1649 649 1701 consensu
665 1624 811 1720 Nougui
824 1622 941 1718 Regis.
992 1622 1051 1694 De
1062 1622 1216 1707 Clericis,
1233 1631 1341 1695 testes
1357 1630 1440 1697 sunt
1456 1621 1565 1695 Pater

300 1730 304 1736 ¹
425 1744 629 1840 Episcopus,
646 1741 851 1837 Guorgonni
867 1740 961 1813 filius
974 1738 1136 1811 Gnmetu
1148 1737 1272 1813 Abbas
1281 1738 1491 1819 Guentoniae
1506 1762 1565 1811 ur-

426 1862 491 1945 bis,
513 1860 625 1931 Diuin
645 1859 812 1941 sacerdos,
830 1855 988 1928 Dissaith
1005 1855 1124 1940 lector,
1142 1854 1269 1927 Airoot
1285 1856 1404 1940 lector,
1423 1854 1565 1928 Marchi

426 1976 521 2049 filius
535 1975 672 2070 Oatgen
687 1973 811 2045 Abbas
827 1972 983 2045 ecclesiae
1004 1970 1126 2044 Sancti
1147 1972 1343 2057 Michaelis,
1366 1972 1568 2045 Loumarch

427 2101 467 2165 et
481 2088 608 2162 Bruin1
625 2090 688 2161 filii
705 2089 819 2173 Duta;
844 2090 890 2161 de
905 2089 1002 2161 laicis
1014 2086 1120 2173 voro,²
1137 2088 1283 2185 Nougui
1296 2088 1386 2175 Rex,
1403 2088 1569 2162 Bledmis

427 2216 551 2279 tenens
577 2206 797 2301 evangelium
822 2204 993 2278 firmando
1021 2206 1152 2277 donum
1174 2228 1285 2290 surum,
1309 2205 1508 2278 Bletcuarit
1528 2216 1568 2278 et

428 2322 582 2395 Ridercb
594 2322 658 2394 filii
674 2321 846 2393 Enniaun.
897 2320 1124 2416 Quicunque³
1135 2324 1348 2406 custodierit,
1361 2324 1570 2396 benedictos

428 2439 491 2524 sit3
515 2439 575 2533 qui
591 2446 711 2512 autem
727 2438 917 2523 violaverit,
934 2439 1141 2512 maledictus
1156 2440 1212 2511 sit
1263 2438 1392 2513 Amen.

703 2769 983 2844 (oonrmoos
1017 2770 1291 2843 nmscoros.)

825 2944 1037 3020 Tanarum
1057 2967 1162 3019 nour.

481 3144 677 3215 Loumarcb
701 3144 794 3216 lilius
817 3145 1021 3241 Gatguocan
1045 3147 1262 3240 depredatus
1286 3154 1341 3218 est
1361 3143 1576 3242 Aper-guen-

431 3261 565 3343 liutet
580 3260 675 3352 cepit
691 3259 812 3331 Eicolf
822 3261 935 3332 filium
947 3263 1079 3334 Cinhor
1095 3285 1176 3336 oum
1193 3263 1353 3335 omnibus
1374 3264 1444 3336 sois
1465 3267 1579 3338 rebus

432 3374 714 3468 supellectilibus,
742 3384 780 3447 et
806 3377 929 3450 bestiis
954 3379 1153 3452 domesticis
1177 3388 1215 3451 et
1239 3381 1505 3475 campestribus3
1538 3391 1580 3454 et

432 3491 526 3563 facta
544 3490 607 3562 illa
620 3491 814 3584 iniquitate,
831 3517 914 3566 cum
932 3493 1042 3567 nimici
1057 3493 1109 3567 irai
1129 3504 1167 3568 ot
1187 3497 1312 3582 imore,
1336 3498 1374 3567 in
1395 3497 1579 3570 territorio

435 3605 644 3679 Sanctorum
665 3607 834 3695 Dubricii,
851 3610 995 3696 Teliarri,
1014 3612 1182 3697 Oudocei,
1201 3621 1238 3684 et
1254 3613 1403 3708 refugi03
1428 3615 1580 3686 manda-

434 3725 487 3794 vit
499 3723 691 3818 Episcopus
704 3723 847 3798 Gulbrit
862 3728 1006 3800 clericos
1023 3728 1248 3800 ecclesiastici
1265 3729 1394 3801 ordinis
1410 3730 1456 3800 do
1477 3731 1581 3801 omni

434 3841 596 3934 parochia
615 3841 706 3912 infra
721 3841 866 3914 ostium*
881 3844 1026 3939 Taratyr
1046 3869 1150 3940 supra
1167 3847 1280 3940 ripam
1297 3845 1389 3940 Guy,
1406 3853 1445 3918 et
1460 3847 1582 3940 ripam

436 3955 536 4050 l'yrri,
559 3956 652 4051 apud
673 3956 958 4045 Iannoudoohui‚
982 3971 1020 4033 et
1041 3963 1161 4034 andita
1176 3964 1453 4058 congregatione,
1470 3961 1586 4034 amul

435 4080 474 4144 ct
492 4073 645 4144 adunata
664 4096 729 4167 pro
749 4083 850 4148 tanta
871 4080 1149 4173 transgressione,
1173 4077 1371 4152 Loumarch
1393 4079 1588 4174 requisivit

435 4189 575 4260 reniam
596 4189 766 4263 inclinans
790 4214 828 4263 se
851 4195 897 4264 ad
921 4202 1059 4279 tenum,
1084 4195 1186 4268 flexis
1212 4197 1368 4290 genibus,
1394 4205 1433 4268 et
1456 4193 1591 4270 effusis

438 4300 613 4375 lachrimis
633 4327 750 4376 coram
770 4305 953 4404 Episcopo,
974 4318 1012 4382 et
1033 4334 1149 4382 coram
1169 4314 1373 4407 antepositis
1395 4314 1505 4386 sacris
1529 4337 1592 4386 re

437 4416 562 4510 liquiis,
580 4420 747 4506 crucibus,
769 4432 806 4494 et
828 4426 1004 4519 cymbalis,
1028 4427 1174 4502 offerens
1194 4451 1232 4502 se
1253 4451 1435 4524 passurum
1459 4438 1500 4502 et
1525 4455 1592 4504 ac·

528 4702 641 4762 ¹Bmm.
659 4708 695 4763 0.
731 4711 820 4767 ’Vero
831 4713 914 4771 deest.
933 4714 965 4772 0.
1000 4716 1089 4777 mot.
1108 4717 1144 4773 0.
1180 4717 1244 4775 *sic
1257 4719 1295 4776 0.
1308 4720 1428 4774 boetium.
1448 4717 1490 4775 Η.
