3450 5800
526 806 635 857 amun
658 805 918 857 umnnvuusrs.
1220 790 1294 863 249

151 975 290 1074 inaqud
302 978 392 1049 etin
404 974 550 1070 pascuis.
594 971 651 1042 De
664 970 817 1054 Clericis,
830 980 939 1043 testes
951 982 1033 1044 sunt
1044 971 1069 1044 J
1070 975 1178 1068 oseph
1192 975 1294 1071 Epis-

151 1119 267 1191 copus,
284 1094 384 1165 Ruid
399 1091 567 1173 sacerdos,
583 1086 715 1183 Joseph
731 1089 904 1173 sacerdos3
931 1090 1096 1174 delaicis,
1111 1091 1294 1166 Mouricus

152 1216 239 1297 Rex,
254 1213 429 1284 Caratauc
442 1207 534 1278 filius
546 1204 699 1288 Gulbrit,
714 1203 831 1276 Seisill
846 1204 955 1277 filius1
968 1206 1138 1293 Gisterth,
1152 1208 1294 1282 Teudur

152 1331 243 1402 lilius
260 1328 399 1423 Idguin.
451 1323 548 1394 Finis
571 1320 665 1391 illius
683 1330 748 1403 est,
773 1320 826 1393 Or
848 1324 1032 1417 poguisma
1055 1324 1109 1395 dir
1133 1348 1215 1396 cruc
1240 1327 1294 1397 dir

154 1446 231 1518 lech
251 1445 291 1515 in
309 1444 365 1515 hit
383 1443 398 1512 i
414 1441 484 1513 foss
501 1440 537 1509 di
559 1461 642 1509 carn
656 1438 827 1532 gistlerth,
845 1438 899 1510 hit
915 1440 927 1509 i
944 1440 1014 1511 foss
1031 1442 1149 1512 dicarn
1165 1443 1298 1535 guocof

153 1562 205 1633 hit
220 1564 235 1632 i
250 1584 334 1632 carn
346 1560 401 1629 dir
417 1563 503 1628 nant
517 1556 572 1626 hit
587 1554 600 1624 i
616 1562 702 1625 nant
714 1554 922 1648 digmunmi‚
939 1557 1101 1649 gruunmi
1118 1557 1222 1629 inihit
1238 1559 1293 1630 hit

155 1678 280 1774 gulich,
296 1675 418 1772 gulich
427 1669 534 1743 nihit²
545 1671 656 1741 iuinid
673 1694 763 1742 canu
778 1673 907 1742 teirero
923 1672 955 1741 ir
969 1673 1045 1765 ynis
1061 1696 1119 1744 rac
1134 1675 1293 1767 pouisma

157 1795 248 1866 deul.
272 1793 479 1885 Quicunque
492 1787 703 1871 custodierit,
714 1788 888 1859 custodiat
899 1787 1000 1859 illum
1011 1788 1122 1875 Deus3
1141 1793 1200 1883 qui
1211 1815 1292 1864 vero

159 1913 203 1983 ab
219 1909 359 1981 ecclesia
375 1907 563 1980 Landaviae
579 1906 797 1999 separaverit,
815 1905 1001 1977 anathema
1017 1907 1071 1978 sit.
1122 1905 1251 1980 Amen.

401 2174 523 2247 Vnus
539 2192 702 2244 moruus
718 2192 832 2243 surse
845 2170 1047 2244 Nansonrv.

205 2374 388 2446 Mouricus
411 2373 492 2445 Rex
514 2397 578 2468 pro
598 2374 764 2465 predicta
784 2374 1075 2466 praevaricatione,
1098 2374 1295 2447 immolavit

159 2492 242 2576 Deo,
260 2500 300 2564 et
315 2491 444 2562 sanctis
460 2477 641 2583 predictis,
659 2498 697 2560 et
713 2490 867 2560 ecclesiae
884 2489 1079 2573 Laudarier,
1097 2498 1134 2561 et
1150 2494 1296 2585 pastori-

158 2610 217 2680 bus
233 2609 310 2701 ejus
325 2607 363 2677 in
379 2614 548 2700 perpetuo
564 2605 684 2676 villam
701 2604 852 2688 Fratms,
871 2614 909 2676 et
924 2628 1006 2675 cum
1022 2614 1099 2677 tota
1114 2630 1177 2679 sua
1192 2609 1296 2681 liber-

159 2733 236 2809 tate,
254 2733 294 2796 et
310 2724 395 2795 data
410 2723 669 2806 communiora
694 2730 732 2793 et
753 2723 1001 2793 attestantibus
1018 2722 1210 2815 praedictis³
1225 2724 1296 2797 cle-

159 2843 241 2926 ricis,
266 2848 306 2913 et
327 2839 440 2924 laicis3
464 2847 503 2911 et
522 2841 663 2933 insuper
680 2847 828 2933 quatuor
849 2837 954 2910 libras
970 2840 1104 2934 argenti
1121 2838 1296 2937 Episcopo

157 2959 296 3053 loseph,
314 2966 354 3030 et
372 2957 486 3028 multa
502 2957 594 3028 dona
609 2957 783 3028 canonicis
799 2957 883 3040 suis;
909 2964 947 3028 et
962 2979 1099 3050 semper
1114 2981 1151 3029 se
1167 2961 1298 3051 promi-

159 3079 202 3148 sit
216 3076 442 3148 obedientem
458 3073 622 3156 ecclesia,
640 3081 678 3144 et
694 3072 854 3143 omnibus
876 3074 947 3144 suis
962 3075 1143 3146 territoriis
1159 3083 1296 3147 rectum

159 3193 410 3274 auxiliatorem,
423 3190 583 3261 etiidum
597 3189 823 3261 defensorem.
875 3187 924 3261 Et
940 3190 1121 3262 benedixit
1133 3191 1213 3264 filiis
1226 3195 1296 3265 suis
1384 3167 1389 3177 Ι

160 3309 387 3404 Gatguocaun
403 3314 441 3378 et
457 3305 531 3390 Bis,
548 3314 591 3376 ut
607 3306 754 3377 firmiter
775 3315 937 3378 tenerent
958 3309 1297 3381 commendationem

163 3449 269 3508 suam,
282 3433 319 3496 et
330 3424 587 3517 eleemosynam
602 3423 641 3494 in
655 3446 742 3516 pace
757 3424 884 3515 quieta,
902 3431 940 3495 et
956 3424 1117 3497 omnibus
1133 3427 1203 3498 suis
1218 3450 1297 3521 pos-

163 3539 315 3623 teribus⁴
335 3540 532 3634 nepotibus,
554 3541 811 3633 pronepotibus,
829 3549 866 3611 et
882 3541 1043 3613 omuibus
1065 3564 1135 3612 suae
1153 3564 1297 3636 genera·

162 3657 279 3740 tionis;
303 3665 340 3728 et
362 3655 557 3739 maledixit,
582 3679 629 3727 cx
653 3655 722 3727 alia
744 3665 853 3750 parte,
871 3657 1032 3728 omnibus
1052 3658 1296 3749 superstitibus

160 3774 238 3857 suis,
251 3774 450 3867 quicunque
461 3771 601 3843 illorum
613 3773 859 3844 eleemosinam
876 3774 1077 3866 praedictam
1093 3772 1138 3843 ab
1151 3773 1297 3845 eeclesia

158 3889 356 3972 maevia,
372 3889 409 3958 vi
426 3896 462 3959 et
479 3887 593 3960 laicali
609 3889 794 3972 invasione,
818 3897 881 3960 aut
902 3888 1048 3959 subdola
1069 3889 1199 3972 fraude,
1223 3912 1297 3959 am-

156 4007 245 4100 plius
271 4006 518 4100 separaverint.
577 4004 707 4077 Amen.
768 4005 865 4075 Finis
889 4004 982 4075 illius
1008 4012 1070 4087 est,
1096 4001 1297 4088 Ebu-thim,⁵

154 4125 281 4196 deinde
299 4124 354 4193 dir
369 4145 460 4206 carn,
482 4147 521 4193 or
540 4145 623 4194 carn
643 4124 697 4193 dir
713 4122 814 4194 claud
840 4122 876 4192 di
901 4121 963 4192 ard
987 4121 1017 4190 ir
1041 4119 1113 4203 allt,
1140 4121 1299 4193 diuscuid

152 4241 246 4313 irallt
258 4242 300 4312 ni
320 4240 375 4310 hit
391 4240 478 4311 diavi
494 4239 574 4310 celli
596 4239 688 4310 arbit
707 4240 770 4310 bct
792 4241 805 4309 i
823 4261 902 4331 pen,
920 4239 933 4307 i
949 4260 1043 4330 penu
1059 4237 1230 4332 digrmiret
1246 4241 1299 4310 in·

152 4355 278 4429 hiaun⁶
299 4379 418 4428 versus
442 4377 603 4427 occasum
624 4356 754 4427 dirford
777 4378 886 4438 maur,
913 4363 987 4426 trus
1011 4355 1024 4424 i
1044 4354 1121 4425 ford
1146 4355 1181 4425 di
1206 4378 1299 4449 penu

188 4669 440 4726 warmume
475 4669 538 4725 ¹Sic
551 4668 670 4725 omitit.
684 4669 723 4726 Η.
758 4670 916 4726 ³Proede'etie
928 4668 1009 4724 deest.
1023 4670 1057 4725 0.
1097 4668 1298 4738 *Propoeteria
1424 4637 1427 4656 ³

155 4756 188 4813 E.
221 4758 389 4814 ⁵Ebircldm.
402 4757 437 4813 Ο.
472 4757 591 4812 Wloor.
609 4755 645 4811 Ο.
