3450 5800
531 778 641 830 monn
663 778 924 831 mnnsvmsn.
1225 760 1296 835 183

153 954 233 1035 niae,
249 960 287 1023 et
303 975 327 1023 u
338 948 516 1022 Suxonioa
530 954 636 1043 gente
651 944 898 1031 infidelissime,
915 954 953 1018 et
968 943 1122 1019 maxime
1137 948 1175 1018 in
1191 953 1297 1023 eonfi.

153 1069 258 1139 nibus
273 1066 468 1139 Britanniae
488 1073 527 1137 et
537 1062 677 1158 Angliae
698 1085 816 1134 vorsus
828 1062 1087 1149 Herefordium3
1104 1065 1141 1135 in
1158 1074 1296 1141 tuntum

153 1184 250 1278 quod
266 1183 460 1255 Britanniae
476 1189 592 1253 totum
607 1179 797 1250 confinium
813 1178 886 1252 ferd
898 1181 1055 1252 deletum
1072 1189 1135 1265 est,
1153 1190 1190 1253 et
1206 1184 1297 1255 mul-

155 1312 235 1373 tum
251 1310 354 1372 extre
369 1300 521 1371 confinia
536 1320 581 1370 ex
596 1304 746 1389 utraque
761 1306 861 1390 purte
873 1295 1030 1392 Angliae1
1042 1305 1080 1370 ot
1095 1296 1295 1384 Britanniae,

156 1428 195 1488 et
217 1418 310 1490 eirea
325 1416 459 1488 flumen
481 1414 573 1507 Guy,
589 1410 744 1485 muximd
764 1421 908 1507 propter
926 1414 1028 1498 bello,
1046 1422 1085 1485 et
1100 1414 1190 1511 saepd
1205 1418 1299 1489 facta

158 1534 283 1605 diurna
305 1542 343 1604 et
367 1540 539 1603 nocturno
558 1531 652 1601 inter
672 1536 846 1622 unusque.
898 1527 985 1601 Post
1006 1538 1154 1625 tempus,
1178 1532 1299 1605 sedete

158 1672 259 1741 paee,
279 1650 440 1720 restitute
456 1654 511 1719 est
531 1647 569 1717 in
584 1668 656 1729 suo,
673 1653 712 1716 et
733 1645 938 1717 fortitudine
954 1653 1047 1717 terro
1063 1668 1126 1718 suo
1142 1650 1298 1740 quamvis

162 1765 292 1847 deleto,
309 1774 344 1836 et
357 1764 551 1835 inhabitato
564 1785 642 1834 raro
657 1761 799 1833 homine
815 1769 853 1833 et
869 1784 946 1833 roro
960 1768 1070 1855 peste,
1083 1764 1208 1855 cuique
1220 1762 1299 1835 Bri·

164 1877 448 1951 tonnoinnullis²
457 1880 613 1974 partibus
621 1886 821 1972 perpetrato
830 1877 971 1950 foedere.
1005 1876 1056 1949 Et
1066 1876 1145 1949 Rex
1153 1877 1298 1951 Judheil

167 1998 325 2069 omnibns
335 1996 577 2091 superstitibus
588 1994 741 2067 reddidit
751 1994 969 2088 patrimonia,
981 1995 1138 2089 quumvis
1150 2017 1299 2089 perspe-

164 2114 253 2184 tium
274 2114 442 2199 desolato3
467 2122 505 2185 ot
526 2110 745 2206 Borthguino
767 2109 942 2204 Episcopo
964 2132 1027 2182 sua
1048 2110 1126 2183 loos
1146 2112 1299 2183 reddidit

161 2253 223 2323 per
243 2231 370 2314 omniu,
392 2237 432 2301 et
454 2227 594 2300 Sanctis
616 2226 795 2311 Dubrioio,
817 2226 972 2312 Teliouo,
997 2234 1035 2299 et
1057 2226 1234 2313 Oudoeoo
1260 2236 1299 2300 et

162 2347 319 2419 omnibus
339 2346 510 2440 episeopis
532 2343 718 2416 Lundsviae
739 2344 778 2412 in
798 2352 978 2439 perpetuo,
1002 2352 1039 2416 et
1061 2345 1152 2417 sieut
1173 2345 1298 2417 melius

161 2463 295 2534 fuerunt
306 2472 468 2556 tempore
477 2460 636 2531 Dubrioii
646 2457 912 2553 Archiepiseopi
922 2460 1088 2531 dextralis
1097 2458 1297 2545 Britanniae,

164 2587 198 2648 et
220 2602 303 2650 oum
326 2587 408 2650 toto
431 2600 493 2649 sua
517 2578 691 2659 libertate,
714 2582 753 2646 et
774 2598 856 2646 eum
877 2577 973 2646 omni
996 2578 1239 2647 communione
1260 2578 1299 2647 in

165 2717 282 2789 eampo
313 2702 353 2767 et
378 2695 417 2764 in
443 2693 547 2776 silvis,
576 2694 615 2763 in
647 2714 737 2785 oque
769 2700 807 2763 et
835 2692 873 2761 in
900 2691 1050 2785 pascue
1076 2699 1114 2764 et
1143 2690 1228 2763 nneun
1261 2692 1299 2761 in

162 2833 304 2883 numero
316 2811 356 2881 in
371 2810 512 2904 propriu
527 2808 692 2903 parochio
707 2830 784 2893 sum
807 2807 978 2902 imprimis
990 2806 1205 2879 Cumborrue
1218 2830 1299 2878 eum

163 2929 270 3000 tribus
293 2928 417 3011 unciis,
440 2927 478 2998 id
501 2934 556 2997 est
578 2925 748 3009 Genubiu,
772 2923 930 2996 Goleueh
951 2947 1033 2996 cum
1055 2923 1166 2996 tribus
1188 2923 1300 2996 unciis

163 3046 241 3139 agri,
259 3044 432 3128 Conubia,
451 3042 677 3126 Cornubinm,
700 3042 737 3112 id
759 3049 824 3125 est,
842 3040 1039 3112 Lunoerniu
1064 3062 1168 3134 super
1188 3040 1300 3133 ripam

164 3157 267 3246 Dour,
279 3163 414 3255 podum
430 3159 587 3244 Maium,
601 3158 703 3230 Lonn
716 3155 906 3243 Guoruoe,8
918 3157 1019 3229 Lonn
1031 3157 1184 3240 lunebni,
1198 3156 1301 3228 Leun

167 3276 246 3346 deui
270 3278 441 3363 moehros,
473 3278 575 3352 Lonn
602 3275 724 3361 ebrdil,
748 3274 908 3371 Bolgros
934 3274 1011 3346 Lon
1035 3274 1174 3358 loudeu,
1200 3271 1302 3346 Lonn

213 3743 310 3816 Rex*
327 3745 467 3818 Glitoue
484 3747 576 3818 filius
588 3743 756 3839 Olitguin,
768 3766 850 3816 oum
867 3751 960 3816 esset
979 3743 1017 3811 in
1036 3761 1144 3834 regno
1165 3759 1228 3808 suo
1248 3745 1302 3808 te-

158 3884 248 3934 nens
267 3886 393 3957 puoem
415 3871 454 3936 et
470 3863 619 3958 rigorem
637 3861 794 3955 justitiae,
817 3861 931 3932 faetus
953 3864 1007 3928 est
1028 3862 1160 3949 martyr
1171 3853 1302 3925 virtute

157 3987 194 4051 et
220 3982 370 4064 meritis,
394 3989 433 4051 et
454 4002 582 4051 corono
603 3978 754 4050 eoelestis
775 3975 894 4072 glorioe
916 3995 997 4045 oum
1019 3971 1136 4066 pulmo
1156 3969 1303 4041 winulis

156 4099 385 4170 eustimoniae.
436 4096 604 4182 Quaedum
621 4096 728 4190 virgo,
745 4101 829 4165 nate
843 4091 1023 4186 cujusdem
1038 4087 1202 4182 potentis,
1219 4085 1301 4157 odo·

153 4217 219 4286 mit
235 4215 360 4298 illum3
386 4214 505 4285 dioens
516 4211 771 4305 requirentibus
783 4233 821 4283 se
832 4209 921 4281 nulli
934 4201 1137 4301 nupturom⁵
1149 4203 1215 4276 nisi
1227 4203 1301 4274 viro

157 4330 328 4426 praeclaro
347 4329 518 4402 Clitouoo.
535 4327 672 4402 Audito
688 4327 813 4423 puellae
829 4348 1002 4422 responso,
1016 4332 1054 4397 et
1066 4321 1227 4395 omnibus
1242 4321 1302 4392 ab·

186 4655 426 4723 wiceman.
446 4653 485 4708 H.
519 4653 648 4709 'Inidia
669 4650 702 4708 0.
737 4652 886 4708 1ῑθιιονιιοε.
905 4649 938 4706 Ο.
973 4646 1180 4703 ⁴Nullusodest
1193 4643 1299 4700 titulus.
1381 4643 1384 4650 '

21 4808 22 4823 χ
152 4741 185 4798 Β.
217 4741 480 4808 587ωο.πτιριιινα.
500 4738 539 4795 H.
