3450 5800
526 819 632 872 nmen
657 820 907 875 nnsnnvsusts
1216 807 1285 881 131

18 985 20 1060 l
155 991 406 1062 renovabantur
417 1011 481 1082 per
492 996 674 1082 paternum
687 985 888 1060 subsidium.
932 988 1012 1060 Nec
1023 990 1197 1064 ullatenus
1209 1015 1286 1087 par-

156 1106 267 1179 cebat¹
285 1107 411 1188 labori;
436 1107 508 1176 imo
525 1106 677 1198 undique
694 1107 943 1176 concurrebant
959 1107 1074 1199 plebei
1091 1115 1132 1178 ut
1150 1131 1286 1181 summa

18 1263 19 1268 ,
155 1225 216 1294 sibi
232 1224 313 1307 leni,
328 1218 453 1315 atque²
468 1222 565 1316 gravi
582 1223 756 1292 sententia
768 1223 812 1292 ad
828 1222 1070 1294 sufficientiam
1083 1233 1120 1294 et
1136 1224 1285 1297 toleran-

18 1331 19 1336 ’
156 1341 238 1410 tiam
254 1337 453 1434 patienter,8
464 1337 522 1408 ut⁴
535 1339 682 1422 solitam,
699 1346 942 1431 recuperarent
958 1339 1073 1411 sanius
1089 1341 1285 1433 praesidium

157 1457 246 1550 apud
261 1457 359 1550 pium
371 1455 561 1536 doctorem,
579 1463 652 1525 tam
669 1455 776 1524 viduis
789 1477 894 1546 quam
907 1456 1044 1539 orbatis,
1061 1465 1135 1527 tam
1151 1459 1286 1551 magnis

158 1595 261 1664 quam
272 1572 403 1666 pusillis
416 1571 693 1654 desiderabilem
710 1570 770 1662 qui
783 1570 937 1641 clarebat
948 1571 985 1640 in
997 1573 1120 1663 specie,
1134 1573 1287 1644 clarebat

160 1689 198 1758 in
212 1689 347 1770 virtma
363 1688 566 1758 coruscabat
582 1687 747 1770 doctrina,
764 1687 941 1757 eminebat
957 1687 1149 1758 nobilitate.

213 1803 319 1875 VIII.
345 1804 410 1888 Qui
428 1827 510 1874 cum
526 1803 671 1874 vacabat
688 1803 843 1886 orationi,
861 1803 1072 1873 intermixta
1088 1802 1236 1887 fletibus,
1250 1813 1288 1876 et

165 1919 334 2013 singultui,
347 1921 487 1991 advenit
499 1920 639 2011 quidam
652 1920 695 1989 de
706 1919 878 2000 fratribus,
892 1919 1018 2001 dicent,
1034 1919 1091 1991 “O
1105 1930 1204 2013 pater
1215 1921 1285 2014 pie!

165 2037 349 2130 “egredere
364 2045 405 2106 ut
423 2037 539 2107 videas
555 2031 665 2128 ligna⁵
682 2059 757 2126 quae
774 2035 843 2105 tuis
862 2035 1013 2105 aedificiis
1033 2045 1154 2128 parata
1172 2037 1288 2121 sunt;”

162 2177 298 2245 quaque
314 2161 355 2222 ut
372 2153 471 2234 vidit,
488 2175 569 2222 ecce
586 2151 764 2222 virbonus
781 2160 818 2221 et
827 2151 954 2242 justus,
971 2160 1009 2220 et
1025 2152 1133 2222 totius
1149 2151 1289 2224 Britan·

161 2270 221 2338 niae
233 2267 550 2362 Historiographua
566 2267 705 2339 Gmnss
719 2267 872 2359 Sapiens,
888 2269 942 2361 (ut
958 2267 996 2335 in
1010 2266 1161 2339 historiis
1177 2270 1288 2339 nomi-

162 2384 280 2474 natur‚)
295 2386 356 2477 qui
374 2408 417 2454 eo
434 2393 590 2477 tempore
603 2380 885 2454 conversabatur⁸
901 2382 938 2453 in
954 2383 1066 2454 insula
1083 2382 1206 2468 Echni,
1224 2386 1287 2455 du-

162 2525 236 2574 cens
252 2500 504 2572 anchoritalem
517 2501 634 2583 vitam,
652 2500 821 2570 transibat
836 2522 899 2592 per
910 2499 1065 2570 medium
1081 2500 1212 2571 flumen
1228 2526 1288 2573 na-

163 2618 275 2701 vicula,
285 2641 370 2688 cum
383 2617 556 2710 praedictis
565 2617 676 2711 lignis,
686 2639 727 2686 ac
737 2615 834 2685 velut
845 2638 908 2686 sua
919 2616 1088 2707 portabat,
1098 2639 1173 2708 qua·
1182 2618 1290 2688 etiam

163 2736 195 2804 in
208 2737 323 2806 media
340 2734 429 2805 silva
444 2735 517 2804 sine
530 2729 662 2826 aliqu0⁷
678 2755 872 2826 possessore
883 2732 1071 2814 invenerat,
1085 2740 1123 2801 ct
1138 2733 1290 2802 multum

163 2852 449 2923 aconversaticne
461 2850 641 2921 hominum
654 2855 878 2941 sequestrata.
928 2847 1019 2917 Cum
1036 2848 1158 2919 beatus
1171 2847 1290 2920 Oudo-

164 2991 236 3039 cens
251 2976 420 3062 expertus
436 2968 558 3049 fuerat,
576 2966 756 3037 advocavit
774 2965 926 3047 fratrem,
938 2972 980 3034 ut
996 2964 1062 3035 sibi
1078 2965 1193 3059 lignea
1209 2967 1289 3036 aedi-

164 3085 233 3155 licia
248 3108 311 3157 sua
327 3093 430 3155 terrae
446 3084 636 3176 projiceret,
650 3091 712 3152 aut
727 3082 881 3152 fraterno
892 3103 988 3151 more
1001 3081 1289 3153 condonationem

166 3201 203 3271 de
222 3201 345 3271 illicita
366 3200 486 3270 fraude
503 3199 595 3292 apud
618 3198 735 3268 Deum
755 3206 792 3268 et
812 3198 989 3268 hominem
1013 3198 1159 3291 supplex
1181 3200 1290 3293 impe-

166 3326 289 3389 trasset.
341 3316 466 3388 Oblita
485 3340 546 3387 sira
563 3315 807 3397 admonitione,
831 3322 869 3383 et
884 3322 1051 3384 evacuata
1071 3338 1174 3406 prece
1195 3317 1291 3386 navi·

168 3434 285 3504 nncula
306 3434 480 3516 transivit;
505 3441 542 3503 et
558 3431 654 3501 velut
671 3431 819 3523 quadam
841 3429 1078 3525 indignatione
1094 3430 1201 3501 irater
1217 3430 1290 3502 Ou-

170 3549 288 3620 dcceus
303 3552 436 3643 accepit
456 3548 612 3630 securim,
630 3570 700 3617 non
717 3548 799 3640 quia
814 3546 942 3629 feriret,
960 3547 1020 3617 sed
1036 3555 1078 3616 ut
1095 3548 1204 3617 virtus
1221 3546 1290 3617 Dei

168 3688 231 3757 per
250 3666 342 3735 illum
363 3690 473 3758 nsque
496 3666 533 3736 in
554 3671 761 3757 perpetuum
783 3664 821 3733 in
837 3670 994 3733 creatura
1011 3662 1080 3734 Dei
1099 3672 1290 3756 appareret.

166 3778 302 3853 Securis
318 3782 494 3853 descendit
510 3782 546 3850 in
569 3780 720 3873 lapidem
735 3781 920 3873 integrum,
938 3787 976 3849 et
991 3802 1054 3871 per
1068 3779 1223 3848 medium
1240 3780 1292 3848 di-

162 3898 240 3969 visit
251 3901 287 3969 in
300 3896 409 3982 duos,⁸
421 3921 462 3969 ac
475 3900 503 3969 si
516 3898 661 3968 artificio
674 3920 779 3967 manu
795 3896 888 3966 facto
902 3895 1113 3964 divideretur
1124 3894 1291 3965 fimditris.

160 4013 237 4087 Nec
259 4015 324 4087 ulli
347 4015 529 4086 hominum
551 4013 727 4108 perviam
752 4012 849 4083 illam
872 4010 1025 4083 evitandi
1047 4009 1177 4102 lapides
1200 4019 1296 4093 sunt,

158 4133 238 4225 quin
259 4155 408 4226 semper,
429 4154 536 4225 prope
552 4131 662 4224 ripam
682 4129 834 4201 fluminis
851 4127 941 4221 Gay,
959 4126 1047 4198 miro
1063 4128 1137 4197 ictu
1154 4127 1292 4197 videan-

157 4257 211 4320 tur
225 4250 338 4332 incisi,
357 4257 394 4319 et
410 4246 615 4319 immobiles.

187 4590 421 4648 1Ριιι·ιιιιῦαιιέ.0.
468 4590 532 4645 ’Et
553 4589 587 4646 0.
630 4590 805 4645 ⁸Paticntar.
829 4588 863 4644 Ο.
906 4590 967 4643 *Ut
986 4588 1068 4644 deest.
1093 4586 1131 4641 Η.
1174 4584 1238 4641 ⁵sio
1259 4584 1294 4639 0.

155 4676 242 4743 ΚΜ.
267 4678 307 4733 Η.
350 4678 587 4733 flammabatur.
610 4676 643 4731 0.
687 4676 769 4730 '‘Siua
788 4676 873 4744 alipio
892 4676 998 4731 desunt.
1020 4674 1053 4730 0.
1094 4673 1159 4728 ⁸Sic
1179 4672 1213 4726 Ο.
1230 4674 1293 4725 dao-

157 4762 208 4817 bu.
233 4764 273 4819 H.

721 4873 738 4921 S
