3450 5800
521 831 629 882 umus
653 831 914 884 naunavsums.
1217 815 1288 887 153

145 1008 257 1071 ratum
275 1000 322 1071 ab
339 999 436 1070 omni
453 997 563 1068 fiscali
578 996 721 1079 tributo,
744 999 1002 1069 commendavit
1019 998 1107 1083 Deo,
1134 1008 1171 1071 et
1188 1001 1290 1095 Epis-

144 1140 229 1210 copo
245 1115 421 1209 praesenti,
440 1122 477 1185 et
494 1112 745 1185 successoribus
763 1116 924 1186 omnibus
942 1115 1136 1200 landerice,
1155 1126 1289 1190 etcum

144 1234 237 1303 omni
255 1228 350 1302 tota1
364 1230 610 1301 communione
623 1230 661 1298 in
673 1252 796 1323 campo
810 1239 847 1302 et
863 1233 901 1301 in
917 1231 1021 1316 silvis,
1039 1234 1076 1302 in
1092 1233 1184 1326 aqui
1200 1243 1237 1306 et
1253 1237 1289 1306 in

143 1347 402 1442 pascuis—De
418 1347 572 1428 Clericis,
595 1353 704 1416 testes
730 1354 821 1429 sunt,
846 1347 1013 1431 Ubeluui,
1036 1347 1161 1420 Meilic
1181 1350 1292 1423 lector

144 1467 236 1536 filius
248 1465 410 1547 Gurbud,
430 1462 628 1534 Meircham
642 1461 736 1532 Deui
749 1459 870 1546 iilius,²
883 1462 1080 1535 Leuhaiarn
1091 1466 1183 1537 filius
1197 1467 1291 1538 Lou-

145 1605 224 1665 nuc,
251 1581 378 1652 Circen
403 1580 496 1652 filius
522 1577 674 1661 Samuel,
702 1577 846 1650 Conhoe
871 1579 963 1650 filius
990 1580 1105 1664 Lami,
1131 1582 1291 1678 Congual

146 1698 242 1767 filins
258 1697 400 1792 Catguc,
423 1696 518 1766 Deui
542 1696 634 1766 filius
656 1695 782 1766 Circan
802 1697 1000 1779 sacerdotis,
1018 1697 1181 1770 Uuelauc
1200 1699 1292 1770 filius

152 1813 353 1896 Guordbrit,
374 1813 571 1905 Equoniun‚
594 1810 787 1883 Gurdauan
807 1811 901 1882 filius
918 1811 1052 1883 Leliau.
1104 1813 1161 1885 De
1182 1814 1290 1900 laicis,

156 1929 334 2012 Gurvodu,
355 1937 390 1998 et
411 1929 521 1999 Ernic
542 1928 634 1999 filius
654 1929 738 2020 ejus,
757 1927 921 2000 Guerbur
940 1929 1032 2002 filius
1054 1929 1176 2014 Eifest,
1194 1930 1292 2003 Elio-

156 2069 218 2116 nor
233 2045 322 2115 filius
336 2043 507 2116 Gurbud.³
556 2045 627 2129 Qui
644 2045 857 2129 custodierit,
872 2047 1044 2117 custodiat
1060 2046 1162 2118 illum
1178 2047 1292 2133 Deus;

155 2164 211 2256 qui
231 2168 350 2234 autem
370 2163 583 2256 separaverit
599 2162 644 2233 ab
661 2161 808 2234 ecclesia
825 2161 1011 2235 Laudaviae
1032 2163 1218 2237 anathema
1234 2167 1290 2238 sit.

152 2278 274 2351 Amen.

271 2594 506 2668 (UBELUUI,
530 2595 675 2666 AIDAN,
700 2595 917 2650 ELGISTUS
940 2593 1167 2667 EPISGOPI.)

554 2769 664 2842 Laus
682 2768 886 2842 Guonaoc.⁴

201 2971 371 3043 Guruodu
397 2970 477 3041 Rex
503 2967 655 3066 Ercycg⁵
678 2972 838 3065 regionis,
866 2973 963 3044 dedit
984 2971 1134 3042 alterum
1158 2991 1292 3063 agrum,

158 3088 254 3159 idest
270 3088 413 3158 unciam
431 3089 513 3181 agri,
531 3111 593 3179 pro
611 3090 822 3159 commercio
838 3092 938 3184 regni
955 3087 1114 3171 coelestis,
1141 3086 1230 3170 Deo,
1256 3095 1294 3157 et

160 3202 279 3275 Sancto
310 3203 490 3286 Dubricio,
518 3212 555 3274 et
584 3227 654 3275 suae
683 3207 955 3300 congregationi,
981 3213 1019 3277 et
1044 3203 1198 3275 coclesiae
1222 3226 1293 3274 suae

162 3320 317 3393 dextralis
334 3319 524 3392 Britannia
542 3321 671 3405 insulae,
690 3330 727 3393 et
743 3323 781 3392 in
797 3346 904 3394 manu
917 3323 1049 3395 Ubelui
1067 3320 1241 3415 Episcopi,
1254 3327 1293 3391 et

163 3438 311 3508 omnibus
327 3438 580 3509 successoribus
601 3440 670 3508 suis
688 3428 868 3512 intraturis
889 3442 1125 3534 inperpetuo,
1150 3446 1187 3508 et
1209 3460 1292 3508 cum

163 3552 405 3625 totalibertate
422 3562 459 3625 et
476 3556 570 3625 omni
592 3557 836 3627 comunione
859 3558 897 3627 in
919 3579 1043 3649 campo
1067 3563 1104 3626 ct
1125 3554 1228 3635 silvis,
1254 3552 1294 3621 in

161 3690 250 3759 aqua
263 3678 298 3740 et
313 3671 461 3763 pascuis;
488 3680 525 3741 et
542 3672 747 3743 circumiens
768 3696 901 3767 agrum,
922 3672 1153 3743 antecedente
1173 3676 1294 3740 sancta

159 3807 267 3869 curce,
288 3810 366 3857 cum
391 3788 519 3859 sanctis
544 3788 707 3881 reliquiis,
726 3796 861 3860 etcum
878 3789 1058 3882 aspergine
1075 3808 1172 3879 aquae
1187 3784 1294 3854 bene·

156 3902 264 3985 dictae,
278 3905 312 3973 in
324 3904 442 3975 medio
455 3904 613 3974 fundavit
625 3905 742 3975 locum
754 3906 792 3976 in
803 3906 935 3975 honore
949 3904 1087 3975 Sancta
1099 3898 1293 3981 Trinitatis3

153 4026 189 4089 ct
206 4020 255 4091 ibi
273 4019 438 4091 Guoruoe
455 4021 669 4092 sacerdotem
682 4045 785 4092 suum
797 4021 924 4113 posuit,
938 4027 975 4090 et
988 4018 1054 4089 sibi
1070 4015 1187 4087 locum
1199 4036 1295 4084 com·

151 4140 337 4220 mesdavit,
355 4136 574 4208 serviendum
591 4139 636 4209 ad
647 4138 839 4209 utilitatem
852 4135 1007 4208 ecclesie
1018 4152 1291 4228 permansurum.

184 4512 192 4550 ¹
203 4513 289 4567 Forte
300 4512 352 4585 leg.
363 4531 423 4569 eno.
442 4513 476 4569 E.
511 4513 674 4569 ’Meirchom
686 4512 839 4581 Deuifiliue
850 4512 957 4567 desunt.
976 4511 1011 4566 Ο.
1044 4508 1219 4577 'Deua'filiue
1232 4506 1295 4561 cir-

149 4600 562 4669 cunnwdotis,Uaeiaucfiliua
572 4597 1226 4669 Gurorbrit,Equoniumourdouonfliiurhct'cu.
1252 4594 1296 4649 Dc

146 4687 228 4755 tana,
243 4689 368 4742 Guroodu
380 4694 405 4742 ct
413 4690 497 4742 Erato
507 4688 583 4757 fliius
594 4691 659 4756 ejas,
676 4686 876 4755 Omdarfllr'ur
884 4686 978 4753 Etsm,
990 4682 1178 4750 Ehonorfilim
1190 4680 1297 4735 Germ

151 4772 259 4829 denunt.
286 4773 318 4826 0.
352 4776 500 4829 woerda.
519 4775 552 4830 Ο.
588 4776 703 4843 *Ercyp
721 4773 756 4827 0.
