<?xml version="1.0" encoding="UTF-8"?>
<!DOCTYPE html PUBLIC "-//W3C//DTD XHTML 1.0 Transitional//EN"
    "http://www.w3.org/TR/xhtml1/DTD/xhtml1-transitional.dtd">
<html xmlns="http://www.w3.org/1999/xhtml" xml:lang="en" lang="en">
 <head>
  <title>
</title>
<meta http-equiv="Content-Type" content="text/html;charset=utf-8" />
  <meta name='ocr-system' content='tesseract 3.04.00' />
  <meta name='ocr-capabilities' content='ocr_page ocr_carea ocr_par ocr_line ocrx_word'/>
</head>
<body>
  <div class='ocr_page' id='page_1' title='image "./liberlandavensi00manugoog_0067.png"; bbox 0 0 3450 5800; ppageno 0'>
   <div class='ocr_carea' id='block_1_1' title="bbox 436 803 1197 874">
    <p class='ocr_par' dir='ltr' id='par_1_1' title="bbox 436 803 1197 874">
     <span class='ocr_line' id='line_1_1' title="bbox 436 803 1197 874; baseline -0.004 0"><span class='ocrx_word' id='word_1_1' title='bbox 436 803 484 874; x_wconf 79' lang='lat'>12</span> <span class='ocrx_word' id='word_1_2' title='bbox 807 821 914 872; x_wconf 83' lang='lat' dir='ltr'>mann</span> <span class='ocrx_word' id='word_1_3' title='bbox 938 820 1197 873; x_wconf 76' lang='lat' dir='ltr'>taunsvnnsls.</span> 
     </span>
    </p>
   </div>
   <div class='ocr_carea' id='block_1_2' title="bbox 436 987 1634 4333">
    <p class='ocr_par' dir='ltr' id='par_1_2' title="bbox 436 987 1634 4333">
     <span class='ocr_line' id='line_1_2' title="bbox 436 987 1572 1084; baseline 0.002 -22"><span class='ocrx_word' id='word_1_4' title='bbox 436 989 536 1062; x_wconf 89' lang='lat' dir='ltr'>“illis</span> <span class='ocrx_word' id='word_1_5' title='bbox 552 991 711 1062; x_wconf 93' lang='lat' dir='ltr'>omnibus</span> <span class='ocrx_word' id='word_1_6' title='bbox 726 991 765 1059; x_wconf 92' lang='lat' dir='ltr'>in</span> <span class='ocrx_word' id='word_1_7' title='bbox 785 987 918 1070; x_wconf 88' lang='lat' dir='ltr'>horreo,</span> <span class='ocrx_word' id='word_1_8' title='bbox 941 1010 1120 1080; x_wconf 90' lang='lat' dir='ltr'>nunqnam</span> <span class='ocrx_word' id='word_1_9' title='bbox 1140 988 1315 1081; x_wconf 81' lang='lat' dir='ltr'>oportebit</span> <span class='ocrx_word' id='word_1_10' title='bbox 1337 1011 1399 1060; x_wconf 92' lang='lat' dir='ltr'>nos</span> <span class='ocrx_word' id='word_1_11' title='bbox 1421 989 1572 1084; x_wconf 86' lang='lat' dir='ltr'>amplius</span> 
     </span>
     <span class='ocr_line' id='line_1_3' title="bbox 437 1103 1572 1199; baseline 0.002 -22"><span class='ocrx_word' id='word_1_12' title='bbox 437 1107 595 1178; x_wconf 89' lang='lat' dir='ltr'>“habere</span> <span class='ocrx_word' id='word_1_13' title='bbox 611 1105 808 1199; x_wconf 90' lang='lat' dir='ltr'>hujusmodi</span> <span class='ocrx_word' id='word_1_14' title='bbox 824 1124 943 1175; x_wconf 84' lang='lat' dir='ltr'>curam</span> <span class='ocrx_word' id='word_1_15' title='bbox 958 1112 1021 1174; x_wconf 87' lang='lat' dir='ltr'>aut</span> <span class='ocrx_word' id='word_1_16' title='bbox 1037 1103 1259 1175; x_wconf 88' lang='lat' dir='ltr'>custodiam.&#39;’</span> <span class='ocrx_word' id='word_1_17' title='bbox 1310 1103 1359 1174; x_wconf 87' lang='lat' dir='ltr'>Et</span> <span class='ocrx_word' id='word_1_18' title='bbox 1374 1107 1426 1176; x_wconf 90' lang='lat' dir='ltr'>ita</span> <span class='ocrx_word' id='word_1_19' title='bbox 1437 1107 1572 1179; x_wconf 76' lang='lat' dir='ltr'>factum</span> 
     </span>
     <span class='ocr_line' id='line_1_4' title="bbox 437 1218 1573 1312; baseline -0.002 -18"><span class='ocrx_word' id='word_1_20' title='bbox 437 1231 499 1294; x_wconf 89' lang='lat' dir='ltr'>est.</span> <span class='ocrx_word' id='word_1_21' title='bbox 550 1221 673 1293; x_wconf 84' lang='lat' dir='ltr'>Abbus</span> <span class='ocrx_word' id='word_1_22' title='bbox 697 1220 844 1304; x_wconf 87' lang='lat' dir='ltr'>Ildutus,</span> <span class='ocrx_word' id='word_1_23' title='bbox 869 1218 990 1291; x_wconf 78' lang='lat' dir='ltr'><strong>Sancti</strong></span> <span class='ocrx_word' id='word_1_24' title='bbox 1008 1218 1175 1291; x_wconf 83' lang='lat' dir='ltr'>Germani</span> <span class='ocrx_word' id='word_1_25' title='bbox 1196 1220 1393 1312; x_wconf 87' lang='lat' dir='ltr'>discipulus,</span> <span class='ocrx_word' id='word_1_26' title='bbox 1419 1222 1573 1296; x_wconf 83' lang='lat' dir='ltr'>humana</span> 
     </span>
     <span class='ocr_line' id='line_1_5' title="bbox 437 1334 1573 1432; baseline 0.002 -23"><span class='ocrx_word' id='word_1_27' title='bbox 437 1347 475 1410; x_wconf 87' lang='lat' dir='ltr'>et</span> <span class='ocrx_word' id='word_1_28' title='bbox 500 1334 626 1409; x_wconf 87' lang='lat' dir='ltr'>divinal</span> <span class='ocrx_word' id='word_1_29' title='bbox 651 1339 792 1432; x_wconf 89' lang='lat' dir='ltr'>peritus,</span> <span class='ocrx_word' id='word_1_30' title='bbox 817 1360 945 1431; x_wconf 81' lang='lat' dir='ltr'>genere</span> <span class='ocrx_word' id='word_1_31' title='bbox 969 1337 1182 1430; x_wconf 80' lang='lat' dir='ltr'>magnificus,</span> <span class='ocrx_word' id='word_1_32' title='bbox 1208 1345 1246 1407; x_wconf 87' lang='lat' dir='ltr'>et</span> <span class='ocrx_word' id='word_1_33' title='bbox 1268 1336 1463 1409; x_wconf 88' lang='lat' dir='ltr'>futurorum</span> <span class='ocrx_word' id='word_1_34' title='bbox 1485 1363 1573 1432; x_wconf 81' lang='lat' dir='ltr'>pra·</span> 
     </span>
     <span class='ocr_line' id='line_1_6' title="bbox 438 1452 1570 1548; baseline 0.002 -24"><span class='ocrx_word' id='word_1_35' title='bbox 438 1456 537 1537; x_wconf 87' lang='lat' dir='ltr'>scius,</span> <span class='ocrx_word' id='word_1_36' title='bbox 566 1455 694 1548; x_wconf 81' lang='lat' dir='ltr'>gratias</span> <span class='ocrx_word' id='word_1_37' title='bbox 719 1452 798 1523; x_wconf 91' lang='lat' dir='ltr'>Deo</span> <span class='ocrx_word' id='word_1_38' title='bbox 822 1474 937 1546; x_wconf 84' lang='lat' dir='ltr'>agens,</span> <span class='ocrx_word' id='word_1_39' title='bbox 963 1454 1000 1522; x_wconf 89' lang='lat' dir='ltr'>et</span> <span class='ocrx_word' id='word_1_40' title='bbox 1023 1454 1209 1545; x_wconf 79' lang='lat' dir='ltr'>respiciens</span> <span class='ocrx_word' id='word_1_41' title='bbox 1233 1454 1270 1522; x_wconf 95' lang='lat' dir='ltr'>in</span> <span class='ocrx_word' id='word_1_42' title='bbox 1294 1452 1445 1537; x_wconf 67' lang='lat' dir='ltr'>coelum,8</span> <span class='ocrx_word' id='word_1_43' title='bbox 1470 1457 1570 1539; x_wconf 75' lang='lat' dir='ltr'>dixit,</span> 
     </span>
     <span class='ocr_line' id='line_1_7' title="bbox 439 1567 1573 1664; baseline 0.004 -26"><span class='ocrx_word' id='word_1_44' title='bbox 439 1568 577 1639; x_wconf 88' lang='lat' dir='ltr'>“Hunc</span> <span class='ocrx_word' id='word_1_45' title='bbox 590 1568 688 1640; x_wconf 90' lang='lat' dir='ltr'>Deus</span> <span class='ocrx_word' id='word_1_46' title='bbox 701 1567 907 1640; x_wconf 86' lang='lat' dir='ltr'>Samsonem</span> <span class='ocrx_word' id='word_1_47' title='bbox 919 1569 1081 1661; x_wconf 85' lang='lat' dir='ltr'>dignatus</span> <span class='ocrx_word' id='word_1_48' title='bbox 1097 1577 1151 1639; x_wconf 89' lang='lat' dir='ltr'>est</span> <span class='ocrx_word' id='word_1_49' title='bbox 1167 1568 1267 1639; x_wconf 91' lang='lat' dir='ltr'>nobis</span> <span class='ocrx_word' id='word_1_50' title='bbox 1282 1570 1433 1654; x_wconf 89' lang='lat' dir='ltr'>mittere,</span> <span class='ocrx_word' id='word_1_51' title='bbox 1450 1573 1573 1664; x_wconf 78' lang='lat' dir='ltr'>patria</span> 
     </span>
     <span class='ocr_line' id='line_1_8' title="bbox 439 1684 1634 1778; baseline 0.003 -23"><span class='ocrx_word' id='word_1_52' title='bbox 439 1685 597 1756; x_wconf 83' lang='lat' dir='ltr'>“lumen.</span> <span class='ocrx_word' id='word_1_53' title='bbox 628 1684 685 1754; x_wconf 88' lang='lat' dir='ltr'>En</span> <span class='ocrx_word' id='word_1_54' title='bbox 698 1693 803 1777; x_wconf 86' lang='lat' dir='ltr'>caput</span> <span class='ocrx_word' id='word_1_55' title='bbox 815 1690 1002 1778; x_wconf 86' lang='lat' dir='ltr'>augustum</span> <span class='ocrx_word' id='word_1_56' title='bbox 1015 1685 1171 1754; x_wconf 94' lang='lat' dir='ltr'>omnium</span> <span class='ocrx_word' id='word_1_57' title='bbox 1183 1692 1349 1767; x_wconf 89' lang='lat' dir='ltr'>nostrum,</span> <span class='ocrx_word' id='word_1_58' title='bbox 1363 1693 1401 1756; x_wconf 91' lang='lat' dir='ltr'>et</span> <span class='ocrx_word' id='word_1_59' title='bbox 1410 1688 1572 1778; x_wconf 84' lang='lat' dir='ltr'>pontifex</span> <span class='ocrx_word' id='word_1_60' title='bbox 1628 1705 1634 1718; x_wconf 88' lang='lat'><strong>·</strong></span> 
     </span>
     <span class='ocr_line' id='line_1_9' title="bbox 439 1796 1572 1896; baseline 0.002 -24"><span class='ocrx_word' id='word_1_61' title='bbox 439 1813 458 1844; x_wconf 82' lang='lat'>‘⁶</span> <span class='ocrx_word' id='word_1_62' title='bbox 469 1824 632 1886; x_wconf 89' lang='lat' dir='ltr'>summus,</span> <span class='ocrx_word' id='word_1_63' title='bbox 645 1796 981 1873; x_wconf 82' lang='lat' dir='ltr'>multum³ecclesiae</span> <span class='ocrx_word' id='word_1_64' title='bbox 994 1799 1063 1871; x_wconf 93' lang='lat' dir='ltr'>Dei</span> <span class='ocrx_word' id='word_1_65' title='bbox 1079 1800 1292 1893; x_wconf 86' lang='lat' dir='ltr'>profuturus!</span> <span class='ocrx_word' id='word_1_66' title='bbox 1343 1800 1400 1872; x_wconf 90' lang='lat' dir='ltr'>En</span> <span class='ocrx_word' id='word_1_67' title='bbox 1413 1804 1572 1896; x_wconf 84' lang='lat' dir='ltr'>egregius</span> 
     </span>
     <span class='ocr_line' id='line_1_10' title="bbox 439 1916 1574 2011; baseline -0.003 -21"><span class='ocrx_word' id='word_1_68' title='bbox 439 1929 458 1960; x_wconf 90' lang='lat'><strong>“</strong></span> <span class='ocrx_word' id='word_1_69' title='bbox 468 1917 643 1990; x_wconf 74' lang='lat' dir='ltr'>sacerdos!</span> <span class='ocrx_word' id='word_1_70' title='bbox 699 1916 756 1987; x_wconf 91' lang='lat' dir='ltr'>En</span> <span class='ocrx_word' id='word_1_71' title='bbox 788 1917 1014 2010; x_wconf 88' lang='lat' dir='ltr'>peritissimus</span> <span class='ocrx_word' id='word_1_72' title='bbox 1046 1916 1210 1987; x_wconf 87' lang='lat' dir='ltr'>fundator</span> <span class='ocrx_word' id='word_1_73' title='bbox 1237 1916 1460 1987; x_wconf 87' lang='lat' dir='ltr'>ecclesiamm</span> <span class='ocrx_word' id='word_1_74' title='bbox 1492 1928 1574 2011; x_wconf 89' lang='lat' dir='ltr'>post</span> 
     </span>
     <span class='ocr_line' id='line_1_11' title="bbox 439 2031 1574 2126; baseline -0.001 -21"><span class='ocrx_word' id='word_1_75' title='bbox 439 2032 686 2126; x_wconf 62' lang='lat' dir='ltr'>“apostolom”</span> <span class='ocrx_word' id='word_1_76' title='bbox 745 2031 841 2103; x_wconf 88' lang='lat' dir='ltr'>Miro</span> <span class='ocrx_word' id='word_1_77' title='bbox 865 2033 969 2102; x_wconf 91' lang='lat' dir='ltr'>modo</span> <span class='ocrx_word' id='word_1_78' title='bbox 994 2033 1032 2102; x_wconf 95' lang='lat' dir='ltr'>in</span> <span class='ocrx_word' id='word_1_79' title='bbox 1056 2041 1195 2102; x_wconf 91' lang='lat' dir='ltr'>tantum</span> <span class='ocrx_word' id='word_1_80' title='bbox 1219 2031 1444 2126; x_wconf 84' lang='lat' dir='ltr'>conflagravit</span> <span class='ocrx_word' id='word_1_81' title='bbox 1466 2035 1505 2104; x_wconf 94' lang='lat' dir='ltr'>in</span> <span class='ocrx_word' id='word_1_82' title='bbox 1529 2058 1574 2104; x_wconf 89' lang='lat' dir='ltr'>eo</span> 
     </span>
     <span class='ocr_line' id='line_1_12' title="bbox 438 2149 1574 2242; baseline 0.001 -22"><span class='ocrx_word' id='word_1_83' title='bbox 438 2149 587 2220; x_wconf 89' lang='lat' dir='ltr'>charitas</span> <span class='ocrx_word' id='word_1_84' title='bbox 604 2157 640 2218; x_wconf 91' lang='lat' dir='ltr'>et</span> <span class='ocrx_word' id='word_1_85' title='bbox 661 2149 839 2242; x_wconf 86' lang='lat' dir='ltr'>sapientia,</span> <span class='ocrx_word' id='word_1_86' title='bbox 864 2156 906 2218; x_wconf 89' lang='lat' dir='ltr'>ut</span> <span class='ocrx_word' id='word_1_87' title='bbox 926 2149 964 2217; x_wconf 94' lang='lat' dir='ltr'>in</span> <span class='ocrx_word' id='word_1_88' title='bbox 982 2149 1102 2241; x_wconf 89' lang='lat' dir='ltr'>paucis</span> <span class='ocrx_word' id='word_1_89' title='bbox 1118 2149 1225 2231; x_wconf 89' lang='lat' dir='ltr'>annis,</span> <span class='ocrx_word' id='word_1_90' title='bbox 1251 2151 1456 2242; x_wconf 86' lang='lat' dir='ltr'>magistrum</span> <span class='ocrx_word' id='word_1_91' title='bbox 1476 2151 1574 2221; x_wconf 85' lang='lat' dir='ltr'>vide-</span> 
     </span>
     <span class='ocr_line' id='line_1_13' title="bbox 437 2260 1574 2357; baseline 0.003 -23"><span class='ocrx_word' id='word_1_92' title='bbox 437 2273 534 2335; x_wconf 87' lang='lat' dir='ltr'>retur</span> <span class='ocrx_word' id='word_1_93' title='bbox 549 2265 720 2335; x_wconf 83' lang='lat' dir='ltr'>excellere</span> <span class='ocrx_word' id='word_1_94' title='bbox 736 2260 941 2356; x_wconf 77' lang='lat' dir='ltr'>pmdentid3</span> <span class='ocrx_word' id='word_1_95' title='bbox 967 2286 1048 2334; x_wconf 89' lang='lat' dir='ltr'>oum</span> <span class='ocrx_word' id='word_1_96' title='bbox 1064 2287 1133 2357; x_wconf 91' lang='lat' dir='ltr'>quo</span> <span class='ocrx_word' id='word_1_97' title='bbox 1150 2265 1252 2335; x_wconf 83' lang='lat' dir='ltr'>duxit</span> <span class='ocrx_word' id='word_1_98' title='bbox 1269 2266 1379 2334; x_wconf 80' lang='lat' dir='ltr'>vitam</span> <span class='ocrx_word' id='word_1_99' title='bbox 1399 2263 1574 2337; x_wconf 88' lang='lat' dir='ltr'>sanctam⁴</span> 
     </span>
     <span class='ocr_line' id='line_1_14' title="bbox 437 2379 1575 2474; baseline 0.003 -25"><span class='ocrx_word' id='word_1_100' title='bbox 437 2403 500 2474; x_wconf 92' lang='lat' dir='ltr'>per</span> <span class='ocrx_word' id='word_1_101' title='bbox 516 2381 589 2451; x_wconf 85' lang='lat' dir='ltr'>dies</span> <span class='ocrx_word' id='word_1_102' title='bbox 606 2388 643 2451; x_wconf 89' lang='lat' dir='ltr'>et</span> <span class='ocrx_word' id='word_1_103' title='bbox 665 2388 831 2472; x_wconf 81' lang='lat' dir='ltr'>tempora,</span> <span class='ocrx_word' id='word_1_104' title='bbox 857 2379 967 2449; x_wconf 91' lang='lat' dir='ltr'>vitam</span> <span class='ocrx_word' id='word_1_105' title='bbox 991 2380 1190 2473; x_wconf 77' lang='lat' dir='ltr'>praeclaram</span> <span class='ocrx_word' id='word_1_106' title='bbox 1206 2389 1244 2450; x_wconf 90' lang='lat' dir='ltr'>et</span> <span class='ocrx_word' id='word_1_107' title='bbox 1268 2379 1471 2466; x_wconf 89' lang='lat' dir='ltr'>honestam;</span> <span class='ocrx_word' id='word_1_108' title='bbox 1496 2405 1575 2474; x_wconf 75' lang='lat' dir='ltr'>quae</span> 
     </span>
     <span class='ocr_line' id='line_1_15' title="bbox 438 2493 1574 2591; baseline 0 -21"><span class='ocrx_word' id='word_1_109' title='bbox 438 2522 519 2571; x_wconf 90' lang='lat' dir='ltr'>oum</span> <span class='ocrx_word' id='word_1_110' title='bbox 532 2493 698 2568; x_wconf 80' lang='lat' dir='ltr'>ducebat⁵</span> <span class='ocrx_word' id='word_1_111' title='bbox 714 2499 751 2566; x_wconf 92' lang='lat' dir='ltr'>in</span> <span class='ocrx_word' id='word_1_112' title='bbox 767 2496 913 2591; x_wconf 85' lang='lat' dir='ltr'>longius,</span> <span class='ocrx_word' id='word_1_113' title='bbox 931 2497 1181 2567; x_wconf 83' lang='lat' dir='ltr'>emendabatur</span> <span class='ocrx_word' id='word_1_114' title='bbox 1191 2499 1230 2566; x_wconf 94' lang='lat' dir='ltr'>in</span> <span class='ocrx_word' id='word_1_115' title='bbox 1245 2497 1390 2580; x_wconf 90' lang='lat' dir='ltr'>melius;</span> <span class='ocrx_word' id='word_1_116' title='bbox 1407 2499 1500 2590; x_wconf 91' lang='lat' dir='ltr'>qnod</span> <span class='ocrx_word' id='word_1_117' title='bbox 1513 2522 1574 2570; x_wconf 88' lang='lat' dir='ltr'>ore</span> 
     </span>
     <span class='ocr_line' id='line_1_16' title="bbox 437 2614 1575 2710; baseline -0.001 -22"><span class='ocrx_word' id='word_1_118' title='bbox 437 2617 653 2710; x_wconf 82' lang='lat' dir='ltr'>loquebatur,</span> <span class='ocrx_word' id='word_1_119' title='bbox 671 2616 775 2685; x_wconf 89' lang='lat' dir='ltr'>corde</span> <span class='ocrx_word' id='word_1_120' title='bbox 789 2614 967 2696; x_wconf 83' lang='lat' dir='ltr'>credebat3</span> <span class='ocrx_word' id='word_1_121' title='bbox 985 2615 1077 2706; x_wconf 93' lang='lat' dir='ltr'>qnod</span> <span class='ocrx_word' id='word_1_122' title='bbox 1095 2614 1242 2685; x_wconf 90' lang='lat' dir='ltr'>credidit</span> <span class='ocrx_word' id='word_1_123' title='bbox 1259 2614 1435 2708; x_wconf 85' lang='lat' dir='ltr'>diligebat.</span> <span class='ocrx_word' id='word_1_124' title='bbox 1479 2615 1575 2700; x_wconf 82' lang='lat' dir='ltr'>Qua-</span> 
     </span>
     <span class='ocr_line' id='line_1_17' title="bbox 438 2730 1575 2825; baseline -0.003 -21"><span class='ocrx_word' id='word_1_125' title='bbox 438 2735 519 2805; x_wconf 87' lang='lat' dir='ltr'>dam</span> <span class='ocrx_word' id='word_1_126' title='bbox 536 2755 685 2825; x_wconf 93' lang='lat' dir='ltr'>namque</span> <span class='ocrx_word' id='word_1_127' title='bbox 702 2732 768 2814; x_wconf 86' lang='lat' dir='ltr'>die,</span> <span class='ocrx_word' id='word_1_128' title='bbox 786 2730 846 2800; x_wconf 89' lang='lat' dir='ltr'>ille</span> <span class='ocrx_word' id='word_1_129' title='bbox 859 2739 896 2800; x_wconf 91' lang='lat' dir='ltr'>et</span> <span class='ocrx_word' id='word_1_130' title='bbox 912 2732 1078 2823; x_wconf 83' lang='lat' dir='ltr'>magister</span> <span class='ocrx_word' id='word_1_131' title='bbox 1089 2730 1163 2821; x_wconf 90' lang='lat' dir='ltr'>ejus</span> <span class='ocrx_word' id='word_1_132' title='bbox 1176 2731 1349 2823; x_wconf 88' lang='lat' dir='ltr'>quandam</span> <span class='ocrx_word' id='word_1_133' title='bbox 1366 2731 1575 2823; x_wconf 84' lang='lat' dir='ltr'>profrmdam</span> 
     </span>
     <span class='ocr_line' id='line_1_18' title="bbox 437 2845 1576 2945; baseline -0.003 -23"><span class='ocrx_word' id='word_1_134' title='bbox 437 2845 672 2945; x_wconf 82' lang='lat' dir='ltr'>questioncm⁶</span> <span class='ocrx_word' id='word_1_135' title='bbox 693 2847 918 2930; x_wconf 89' lang='lat' dir='ltr'>invenientes,</span> <span class='ocrx_word' id='word_1_136' title='bbox 945 2869 1010 2917; x_wconf 89' lang='lat' dir='ltr'>neo</span> <span class='ocrx_word' id='word_1_137' title='bbox 1032 2846 1218 2939; x_wconf 87' lang='lat' dir='ltr'>explanare</span> <span class='ocrx_word' id='word_1_138' title='bbox 1235 2846 1400 2931; x_wconf 85' lang='lat' dir='ltr'>valentes,</span> <span class='ocrx_word' id='word_1_139' title='bbox 1424 2845 1576 2919; x_wconf 86' lang='lat' dir='ltr'>Sanctus</span> 
     </span>
     <span class='ocr_line' id='line_1_19' title="bbox 439 2961 1576 3058; baseline -0.003 -21"><span class='ocrx_word' id='word_1_140' title='bbox 439 2966 586 3038; x_wconf 90' lang='lat' dir='ltr'>Samson</span> <span class='ocrx_word' id='word_1_141' title='bbox 607 2966 749 3058; x_wconf 90' lang='lat' dir='ltr'>jejuniis</span> <span class='ocrx_word' id='word_1_142' title='bbox 766 2972 803 3034; x_wconf 88' lang='lat' dir='ltr'>et</span> <span class='ocrx_word' id='word_1_143' title='bbox 819 2961 961 3057; x_wconf 85' lang='lat' dir='ltr'>vigiliis⁷</span> <span class='ocrx_word' id='word_1_144' title='bbox 977 2965 1145 3046; x_wconf 84' lang='lat' dir='ltr'>incubuit,</span> <span class='ocrx_word' id='word_1_145' title='bbox 1163 2986 1286 3057; x_wconf 85' lang='lat' dir='ltr'>rogans</span> <span class='ocrx_word' id='word_1_146' title='bbox 1302 2987 1365 3056; x_wconf 88' lang='lat' dir='ltr'>per</span> <span class='ocrx_word' id='word_1_147' title='bbox 1381 2962 1576 3034; x_wconf 89' lang='lat' dir='ltr'>Dominum</span> 
     </span>
     <span class='ocr_line' id='line_1_20' title="bbox 437 3076 1577 3175; baseline -0.002 -22"><span class='ocrx_word' id='word_1_148' title='bbox 437 3083 531 3175; x_wconf 91' lang='lat' dir='ltr'>quod</span> <span class='ocrx_word' id='word_1_149' title='bbox 559 3105 621 3174; x_wconf 86' lang='lat' dir='ltr'>per</span> <span class='ocrx_word' id='word_1_150' title='bbox 649 3082 852 3175; x_wconf 85' lang='lat' dir='ltr'>magistrum</span> <span class='ocrx_word' id='word_1_151' title='bbox 881 3102 951 3149; x_wconf 94' lang='lat' dir='ltr'>non</span> <span class='ocrx_word' id='word_1_152' title='bbox 979 3080 1105 3172; x_wconf 85' lang='lat' dir='ltr'>potuit.</span> <span class='ocrx_word' id='word_1_153' title='bbox 1154 3077 1274 3150; x_wconf 71' lang='lat' dir='ltr'>Tertid</span> <span class='ocrx_word' id='word_1_154' title='bbox 1301 3088 1405 3151; x_wconf 87' lang='lat' dir='ltr'>nocte</span> <span class='ocrx_word' id='word_1_155' title='bbox 1431 3076 1577 3174; x_wconf 80' lang='lat' dir='ltr'>jejunii⁸</span> 
     </span>
     <span class='ocr_line' id='line_1_21' title="bbox 438 3194 1575 3289; baseline 0 -22"><span class='ocrx_word' id='word_1_156' title='bbox 438 3199 571 3268; x_wconf 86' lang='lat' dir='ltr'>audivit</span> <span class='ocrx_word' id='word_1_157' title='bbox 587 3218 708 3267; x_wconf 88' lang='lat' dir='ltr'>vocem</span> <span class='ocrx_word' id='word_1_158' title='bbox 726 3196 900 3266; x_wconf 83' lang='lat' dir='ltr'>dicentem</span> <span class='ocrx_word' id='word_1_159' title='bbox 924 3196 998 3278; x_wconf 94' lang='lat' dir='ltr'>sibi,</span> <span class='ocrx_word' id='word_1_160' title='bbox 1026 3194 1116 3265; x_wconf 89' lang='lat' dir='ltr'>“Ne</span> <span class='ocrx_word' id='word_1_161' title='bbox 1132 3195 1280 3288; x_wconf 88' lang='lat' dir='ltr'>amplius</span> <span class='ocrx_word' id='word_1_162' title='bbox 1299 3196 1473 3289; x_wconf 82' lang='lat' dir='ltr'>fatigeris3</span> <span class='ocrx_word' id='word_1_163' title='bbox 1498 3196 1575 3267; x_wconf 84' lang='lat' dir='ltr'>hoec</span> 
     </span>
     <span class='ocr_line' id='line_1_22' title="bbox 439 3307 1576 3405; baseline 0 -22"><span class='ocrx_word' id='word_1_164' title='bbox 439 3320 508 3383; x_wconf 86' lang='lat' dir='ltr'>“et</span> <span class='ocrx_word' id='word_1_165' title='bbox 536 3334 748 3405; x_wconf 85' lang='lat' dir='ltr'>quaecunque</span> <span class='ocrx_word' id='word_1_166' title='bbox 778 3335 799 3382; x_wconf 91' lang='lat' dir='ltr'>a</span> <span class='ocrx_word' id='word_1_167' title='bbox 827 3307 920 3381; x_wconf 83' lang='lat' dir='ltr'>Deo⁹</span> <span class='ocrx_word' id='word_1_168' title='bbox 947 3312 1097 3403; x_wconf 86' lang='lat' dir='ltr'>petieris,</span> <span class='ocrx_word' id='word_1_169' title='bbox 1127 3311 1358 3403; x_wconf 89' lang='lat' dir='ltr'>impetrabis.”</span> <span class='ocrx_word' id='word_1_170' title='bbox 1412 3310 1576 3396; x_wconf 88' lang='lat' dir='ltr'>Quodam</span> 
     </span>
     <span class='ocr_line' id='line_1_23' title="bbox 437 3426 1577 3521; baseline 0.002 -24"><span class='ocrx_word' id='word_1_171' title='bbox 437 3429 555 3521; x_wconf 90' lang='lat' dir='ltr'>itaque</span> <span class='ocrx_word' id='word_1_172' title='bbox 571 3429 689 3499; x_wconf 72' lang='lat' dir='ltr'>estivo</span> <span class='ocrx_word' id='word_1_173' title='bbox 705 3436 861 3521; x_wconf 88' lang='lat' dir='ltr'>tempore</span> <span class='ocrx_word' id='word_1_174' title='bbox 879 3426 963 3497; x_wconf 93' lang='lat' dir='ltr'>dum</span> <span class='ocrx_word' id='word_1_175' title='bbox 983 3426 1107 3497; x_wconf 85' lang='lat' dir='ltr'>fratres</span> <span class='ocrx_word' id='word_1_176' title='bbox 1124 3428 1168 3497; x_wconf 91' lang='lat' dir='ltr'>ad</span> <span class='ocrx_word' id='word_1_177' title='bbox 1188 3428 1403 3521; x_wconf 85' lang='lat' dir='ltr'>purgandam</span> <span class='ocrx_word' id='word_1_178' title='bbox 1424 3450 1577 3499; x_wconf 82' lang='lat' dir='ltr'>messem</span> 
     </span>
     <span class='ocr_line' id='line_1_24' title="bbox 437 3538 1576 3636; baseline 0.001 -23"><span class='ocrx_word' id='word_1_179' title='bbox 437 3544 544 3627; x_wconf 78' lang='lat' dir='ltr'>ibant,</span> <span class='ocrx_word' id='word_1_180' title='bbox 570 3544 712 3615; x_wconf 87' lang='lat' dir='ltr'>coluber</span> <span class='ocrx_word' id='word_1_181' title='bbox 733 3538 863 3614; x_wconf 85' lang='lat' dir='ltr'>ilider¹⁰</span> <span class='ocrx_word' id='word_1_182' title='bbox 885 3543 929 3613; x_wconf 92' lang='lat' dir='ltr'>de</span> <span class='ocrx_word' id='word_1_183' title='bbox 950 3542 1038 3613; x_wconf 88' lang='lat' dir='ltr'>rubo</span> <span class='ocrx_word' id='word_1_184' title='bbox 1055 3543 1210 3626; x_wconf 87' lang='lat' dir='ltr'>exiliens,</span> <span class='ocrx_word' id='word_1_185' title='bbox 1237 3543 1380 3614; x_wconf 85' lang='lat' dir='ltr'>fratrem</span> <span class='ocrx_word' id='word_1_186' title='bbox 1399 3545 1576 3636; x_wconf 88' lang='lat' dir='ltr'>quendam</span> 
     </span>
     <span class='ocr_line' id='line_1_25' title="bbox 436 3657 1576 3754; baseline 0.001 -25"><span class='ocrx_word' id='word_1_187' title='bbox 436 3661 624 3730; x_wconf 91' lang='lat' dir='ltr'>momordit</span> <span class='ocrx_word' id='word_1_188' title='bbox 647 3660 684 3729; x_wconf 94' lang='lat' dir='ltr'>in</span> <span class='ocrx_word' id='word_1_189' title='bbox 707 3657 905 3754; x_wconf 78' lang='lat' dir='ltr'>unguine3¹¹</span> <span class='ocrx_word' id='word_1_190' title='bbox 932 3681 1037 3751; x_wconf 90' lang='lat' dir='ltr'>quem</span> <span class='ocrx_word' id='word_1_191' title='bbox 1062 3667 1259 3741; x_wconf 89' lang='lat' dir='ltr'>extremum</span> <span class='ocrx_word' id='word_1_192' title='bbox 1283 3659 1477 3729; x_wconf 80' lang='lat' dir='ltr'>anhelitum</span> <span class='ocrx_word' id='word_1_193' title='bbox 1498 3660 1576 3751; x_wconf 86' lang='lat' dir='ltr'>jam</span> 
     </span>
     <span class='ocr_line' id='line_1_26' title="bbox 438 3772 1575 3869; baseline 0.001 -25"><span class='ocrx_word' id='word_1_194' title='bbox 438 3773 645 3857; x_wconf 88' lang='lat' dir='ltr'>trahentem,</span> <span class='ocrx_word' id='word_1_195' title='bbox 680 3772 829 3845; x_wconf 82' lang='lat' dir='ltr'>Sanctus</span> <span class='ocrx_word' id='word_1_196' title='bbox 855 3774 1004 3845; x_wconf 86' lang='lat' dir='ltr'>Samson</span> <span class='ocrx_word' id='word_1_197' title='bbox 1029 3776 1227 3868; x_wconf 88' lang='lat' dir='ltr'>serpentino</span> <span class='ocrx_word' id='word_1_198' title='bbox 1259 3772 1407 3847; x_wconf 77' lang='lat' dir='ltr'>morsu¹²</span> <span class='ocrx_word' id='word_1_199' title='bbox 1436 3776 1575 3869; x_wconf 86' lang='lat' dir='ltr'>signum</span> 
     </span>
     <span class='ocr_line' id='line_1_27' title="bbox 436 3891 1576 3984; baseline 0.002 -24"><span class='ocrx_word' id='word_1_200' title='bbox 436 3898 563 3961; x_wconf 86' lang='lat' dir='ltr'>sanetae</span> <span class='ocrx_word' id='word_1_201' title='bbox 584 3892 693 3963; x_wconf 87' lang='lat' dir='ltr'>crucis</span> <span class='ocrx_word' id='word_1_202' title='bbox 718 3892 893 3984; x_wconf 88' lang='lat' dir='ltr'>imposuit,</span> <span class='ocrx_word' id='word_1_203' title='bbox 919 3899 956 3961; x_wconf 87' lang='lat' dir='ltr'>et</span> <span class='ocrx_word' id='word_1_204' title='bbox 980 3912 1106 3983; x_wconf 79' lang='lat' dir='ltr'>aquam</span> <span class='ocrx_word' id='word_1_205' title='bbox 1131 3891 1208 3962; x_wconf 90' lang='lat' dir='ltr'>oleo</span> <span class='ocrx_word' id='word_1_206' title='bbox 1232 3893 1381 3963; x_wconf 85' lang='lat' dir='ltr'>mixtam</span> <span class='ocrx_word' id='word_1_207' title='bbox 1403 3892 1509 3975; x_wconf 89' lang='lat' dir='ltr'>dedit,</span> <span class='ocrx_word' id='word_1_208' title='bbox 1537 3900 1576 3963; x_wconf 92' lang='lat' dir='ltr'>et</span> 
     </span>
     <span class='ocr_line' id='line_1_28' title="bbox 436 4004 1574 4091; baseline 0.003 -16"><span class='ocrx_word' id='word_1_209' title='bbox 436 4004 599 4077; x_wconf 86' lang='lat' dir='ltr'>fratribus</span> <span class='ocrx_word' id='word_1_210' title='bbox 614 4006 826 4078; x_wconf 87' lang='lat' dir='ltr'>incolumem</span> <span class='ocrx_word' id='word_1_211' title='bbox 842 4007 1003 4077; x_wconf 88' lang='lat' dir='ltr'>reddidit.</span> <span class='ocrx_word' id='word_1_212' title='bbox 1042 4005 1175 4078; x_wconf 89' lang='lat' dir='ltr'>Beatus</span> <span class='ocrx_word' id='word_1_213' title='bbox 1191 4030 1273 4078; x_wconf 82' lang='lat' dir='ltr'>vero</span> <span class='ocrx_word' id='word_1_214' title='bbox 1286 4007 1434 4091; x_wconf 83' lang='lat' dir='ltr'>Ildntus,</span> <span class='ocrx_word' id='word_1_215' title='bbox 1452 4008 1574 4079; x_wconf 88' lang='lat' dir='ltr'>videns</span> 
     </span>
     <span class='ocr_line' id='line_1_29' title="bbox 437 4119 1574 4207; baseline 0.003 -17"><span class='ocrx_word' id='word_1_216' title='bbox 437 4119 606 4192; x_wconf 87' lang='lat' dir='ltr'>Sanctum</span> <span class='ocrx_word' id='word_1_217' title='bbox 640 4120 843 4194; x_wconf 84' lang='lat' dir='ltr'>Samsonem</span> <span class='ocrx_word' id='word_1_218' title='bbox 877 4123 913 4192; x_wconf 87' lang='lat' dir='ltr'>in</span> <span class='ocrx_word' id='word_1_219' title='bbox 946 4120 1134 4194; x_wconf 90' lang='lat' dir='ltr'>virtutibus</span> <span class='ocrx_word' id='word_1_220' title='bbox 1170 4146 1332 4207; x_wconf 87' lang='lat' dir='ltr'>crescere,</span> <span class='ocrx_word' id='word_1_221' title='bbox 1371 4124 1455 4194; x_wconf 86' lang='lat' dir='ltr'>fecit</span> <span class='ocrx_word' id='word_1_222' title='bbox 1491 4146 1574 4194; x_wconf 88' lang='lat' dir='ltr'>enm</span> 
     </span>
     <span class='ocr_line' id='line_1_30' title="bbox 437 4235 1574 4333; baseline 0.005 -28"><span class='ocrx_word' id='word_1_223' title='bbox 437 4235 637 4308; x_wconf 72' lang='lat' dir='ltr'>diaconatus</span> <span class='ocrx_word' id='word_1_224' title='bbox 667 4238 786 4311; x_wconf 89' lang='lat' dir='ltr'>ordine</span> <span class='ocrx_word' id='word_1_225' title='bbox 815 4235 1043 4310; x_wconf 79' lang='lat' dir='ltr'>conseerari.¹³</span> <span class='ocrx_word' id='word_1_226' title='bbox 1092 4239 1251 4332; x_wconf 81' lang='lat' dir='ltr'>Cumque</span> <span class='ocrx_word' id='word_1_227' title='bbox 1279 4239 1480 4333; x_wconf 87' lang='lat' dir='ltr'>Episcopus,</span> <span class='ocrx_word' id='word_1_228' title='bbox 1510 4263 1574 4311; x_wconf 93' lang='lat' dir='ltr'>no·</span> 
     </span>
    </p>
   </div>
   <div class='ocr_carea' id='block_1_3' title="bbox 434 4500 1573 4837">
    <p class='ocr_par' dir='ltr' id='par_1_3' title="bbox 434 4500 1573 4837">
     <span class='ocr_line' id='line_1_31' title="bbox 471 4500 1573 4563; baseline 0.006 -7"><span class='ocrx_word' id='word_1_229' title='bbox 471 4500 729 4560; x_wconf 76' lang='lat' dir='ltr'>&#39;Scilicetdoetrtno⁸</span> <span class='ocrx_word' id='word_1_230' title='bbox 743 4504 776 4559; x_wconf 89' lang='lat' dir='ltr'>B.</span> <span class='ocrx_word' id='word_1_231' title='bbox 807 4509 996 4563; x_wconf 69' lang='lat' dir='ltr'>’Eloncntam</span> <span class='ocrx_word' id='word_1_232' title='bbox 1010 4508 1045 4563; x_wconf 90' lang='grc' dir='ltr'>Ο.</span> <span class='ocrx_word' id='word_1_233' title='bbox 1073 4509 1205 4563; x_wconf 74' lang='lat' dir='ltr'>&#39;Muuua</span> <span class='ocrx_word' id='word_1_234' title='bbox 1220 4506 1254 4562; x_wconf 92' lang='grc' dir='ltr'>Ο.</span> <span class='ocrx_word' id='word_1_235' title='bbox 1283 4509 1392 4562; x_wconf 65' lang='lat' dir='ltr'>‘Situm</span> <span class='ocrx_word' id='word_1_236' title='bbox 1405 4507 1439 4563; x_wconf 84' lang='grc' dir='ltr'>Ο.</span> <span class='ocrx_word' id='word_1_237' title='bbox 1469 4507 1573 4563; x_wconf 82' lang='lat' dir='ltr'>‘Forte</span> 
     </span>
     <span class='ocr_line' id='line_1_32' title="bbox 435 4588 1572 4665; baseline 0.008 -26"><span class='ocrx_word' id='word_1_238' title='bbox 435 4588 583 4643; x_wconf 65' lang='lat' dir='ltr'>ducdutur.</span> <span class='ocrx_word' id='word_1_239' title='bbox 601 4588 635 4643; x_wconf 88' lang='lat' dir='ltr'>B.</span> <span class='ocrx_word' id='word_1_240' title='bbox 669 4592 859 4661; x_wconf 64' lang='lat' dir='ltr'>‘Qsmtionoa</span> <span class='ocrx_word' id='word_1_241' title='bbox 877 4611 926 4665; x_wconf 90' lang='lat' dir='ltr'>pro</span> <span class='ocrx_word' id='word_1_242' title='bbox 938 4598 1111 4663; x_wconf 65' lang='lat' dir='ltr'>poectum.</span> <span class='ocrx_word' id='word_1_243' title='bbox 1130 4594 1164 4649; x_wconf 86' lang='lat' dir='ltr'>E.</span> <span class='ocrx_word' id='word_1_244' title='bbox 1198 4595 1341 4661; x_wconf 46' lang='lat' dir='ltr'>&#39;launna</span> <span class='ocrx_word' id='word_1_245' title='bbox 1359 4595 1520 4663; x_wconf 66' lang='lat' dir='ltr'>etoipilom.</span> <span class='ocrx_word' id='word_1_246' title='bbox 1537 4594 1572 4650; x_wconf 92' lang='grc' dir='ltr'>Ο.</span> 
     </span>
     <span class='ocr_line' id='line_1_33' title="bbox 434 4674 1572 4754; baseline 0.01 -29"><span class='ocrx_word' id='word_1_247' title='bbox 434 4674 619 4741; x_wconf 59' lang='lat' dir='ltr'>‘losanae</span> <span class='ocrx_word' id='word_1_248' title='bbox 647 4677 780 4732; x_wconf 62' lang='lat' dir='ltr'>”Altae</span> <span class='ocrx_word' id='word_1_249' title='bbox 808 4680 935 4735; x_wconf 81' lang='lat' dir='ltr'>¹⁰Idtdcm</span> <span class='ocrx_word' id='word_1_250' title='bbox 944 4679 977 4735; x_wconf 92' lang='lat'>0.</span> <span class='ocrx_word' id='word_1_251' title='bbox 986 4680 1113 4754; x_wconf 82' lang='lat' dir='ltr'>iortepro</span> <span class='ocrx_word' id='word_1_252' title='bbox 1123 4682 1199 4750; x_wconf 75' lang='lat' dir='ltr'>illico,</span> <span class='ocrx_word' id='word_1_253' title='bbox 1208 4681 1351 4749; x_wconf 77' lang='lat' dir='ltr'>auttltidit,</span> <span class='ocrx_word' id='word_1_254' title='bbox 1360 4687 1393 4735; x_wconf 84' lang='lat' dir='ltr'>ct.</span> <span class='ocrx_word' id='word_1_255' title='bbox 1403 4682 1437 4735; x_wconf 87' lang='lat' dir='ltr'>E.</span> <span class='ocrx_word' id='word_1_256' title='bbox 1464 4681 1572 4736; x_wconf 82' lang='lat' dir='ltr'>¹¹Forte</span> 
     </span>
     <span class='ocr_line' id='line_1_34' title="bbox 435 4760 1569 4837; baseline 0.009 -25"><span class='ocrx_word' id='word_1_257' title='bbox 435 4775 483 4830; x_wconf 90' lang='lat' dir='ltr'>pro</span> <span class='ocrx_word' id='word_1_258' title='bbox 492 4762 607 4828; x_wconf 70' lang='lat' dir='ltr'>inpulsa.</span> <span class='ocrx_word' id='word_1_259' title='bbox 620 4760 653 4818; x_wconf 84' lang='lat' dir='ltr'>E.</span> <span class='ocrx_word' id='word_1_260' title='bbox 688 4762 814 4820; x_wconf 74' lang='lat' dir='ltr'>¹&#39;Forsan</span> <span class='ocrx_word' id='word_1_261' title='bbox 823 4782 871 4837; x_wconf 88' lang='lat' dir='ltr'>pro</span> <span class='ocrx_word' id='word_1_262' title='bbox 880 4770 988 4822; x_wconf 66' lang='lat' dir='ltr'>matut.</span> <span class='ocrx_word' id='word_1_263' title='bbox 1000 4766 1034 4823; x_wconf 91' lang='lat' dir='ltr'>B.</span> <span class='ocrx_word' id='word_1_264' title='bbox 1065 4771 1084 4803; x_wconf 83' lang='lat'>¹⁸</span> <span class='ocrx_word' id='word_1_265' title='bbox 1093 4766 1137 4823; x_wconf 87' lang='lat' dir='ltr'>Sic</span> <span class='ocrx_word' id='word_1_266' title='bbox 1146 4766 1180 4822; x_wconf 91' lang='grc' dir='ltr'>Β.</span> <span class='ocrx_word' id='word_1_267' title='bbox 1191 4769 1311 4823; x_wconf 71' lang='lat' dir='ltr'>Ordinato</span> <span class='ocrx_word' id='word_1_268' title='bbox 1318 4784 1474 4823; x_wconf 73' lang='lat' dir='ltr'>mamre.</span> <span class='ocrx_word' id='word_1_269' title='bbox 1488 4767 1569 4824; x_wconf 82' lang='lat' dir='ltr'><strong>MSS.</strong></span> 
     </span>
    </p>
   </div>
   <div class='ocr_carea' id='block_1_4' title="bbox 0 0 1730 5800">
    <p class='ocr_par' dir='ltr' id='par_1_4' title="bbox 0 0 1730 5800">
     <span class='ocr_line' id='line_1_35' title="bbox 0 0 1730 5800; baseline 0 0"><span class='ocrx_word' id='word_1_270' title='bbox 0 0 1730 5800; x_wconf 95' lang='lat' dir='ltr'> </span> 
     </span>
    </p>
   </div>
  </div>
 </body>
</html>
