3450 5800
396 810 444 883 14
767 826 875 876 ursan
898 822 1156 875 nannnvmrsm.

395 996 553 1069 sacerdos
575 1016 707 1065 sacram
729 991 1009 1063 communionem
1026 991 1070 1060 de
1086 1011 1192 1060 manu
1209 987 1330 1060 Sancti
1348 988 1529 1061 Samscnis

396 1110 711 1204 suscepit,{eodem
738 1103 928 1179 momento¹
959 1104 1128 1177 Diabolus
1148 1127 1229 1175 eum
1254 1107 1408 1199 arripuit.
1459 1105 1532 1177 Ille

395 1236 515 1299 autem
532 1224 689 1319 pallens,²
705 1248 742 1299 se
757 1224 851 1294 illico
868 1231 983 1293 totum
1000 1221 1176 1305 dilanians,
1203 1229 1240 1293 et
1257 1220 1350 1292 labia
1368 1222 1536 1292 mordens

396 1343 589 1415 astantibus
614 1342 713 1412 dixit.
769 1339 894 1424 “Quid
918 1338 976 1407 hic
1001 1336 1123 1408 statis?
1174 1335 1213 1407 Si
1239 1336 1445 1409 Samsonem
1469 1338 1537 1407 do·

397 1462 634 1531 “minatorem
661 1458 732 1528 mei
760 1448 983 1549 praesentem³
1012 1477 1083 1524 non
1111 1453 1274 1536 viderem,
1308 1451 1452 1524 minime
1486 1453 1534 1522 de

397 1576 525 1647 “uobis
546 1573 732 1646 curarem.”
787 1571 925 1642 Ildutus
948 1593 1038 1652 vero,
1055 1576 1097 1639 ut
1119 1568 1185 1639 hoe
1201 1569 1299 1651 vidit,
1321 1569 1421 1663 ligari
1438 1592 1533 1651 eum,

395 1717 436 1763 ac
458 1693 550 1763 foras
565 1692 655 1774 duci,
674 1689 798 1782 jussit:
825 1685 949 1784 Frater
964 1709 1045 1756 vero
1062 1685 1145 1777 ejus,
1170 1684 1238 1755 hoc
1258 1686 1409 1767 audiens,
1435 1693 1534 1754 utro-

394 1832 540 1901 rumque
560 1799 699 1900 cuipam
720 1803 935 1884 monstravit,
953 1810 990 1872 et
1007 1804 1145 1872 veniam
1164 1825 1187 1872 a
1208 1799 1338 1872 Sancto
1361 1800 1534 1873 Samsone

394 1924 592 2019 postulavit.
644 1921 793 1993 Sanctus
805 1942 887 1989 vero
900 1916 1048 1989 Samson
1061 1917 1178 1988 dolore
1190 1927 1395 2002 commotus,
1412 1917 1534 2001 flevit;

394 2064 521 2134 aquam
537 2047 575 2110 et
590 2038 707 2109 oleum
723 2035 913 2116 benedixit,
939 2041 976 2105 et
998 2034 1071 2104 dari
1092 2035 1125 2104 ci
1146 2033 1191 2104 ad
1212 2034 1424 2128 gustandum
1445 2057 1535 2126 prae-

396 2159 510 2249 cepit;
534 2163 572 2226 et
592 2156 642 2226 sic
662 2176 777 2223 euma
798 2150 927 2222 diaboli
948 2149 1079 2242 laqueis
1098 2149 1267 2221 liberavit.
1319 2149 1444 2243 Itaque
1461 2150 1536 2220 fac-

395 2281 474 2343 tum
495 2279 550 2342 est
573 2270 682 2364 (justo
705 2267 774 2338 Dei
792 2264 942 2358 judicio)
963 2273 1005 2334 ut
1029 2266 1217 2358 primatum
1238 2260 1349 2358 quod⁴
1371 2266 1536 2357 nequiter

397 2389 562 2484 quesivit,
588 2408 765 2478 nunquam
786 2384 915 2454 habere
934 2383 1059 2475 potuit.
1111 2381 1197 2452 Erat
1219 2380 1318 2453 uero⁵
1334 2405 1406 2452 non
1427 2382 1537 2476 longe

298 2550 301 2555 ·
396 2505 441 2577 ab
459 2504 527 2574 hoo
542 2501 700 2573 coenobio
716 2498 829 2570 insula
847 2498 1014 2591 quadam,
1039 2500 1076 2568 in
1099 2520 1168 2590 qus
1184 2498 1434 2569 monasterium
1457 2506 1536 2568 erat

397 2625 634 2691 constructum
655 2638 678 2687 a
697 2616 771 2685 viro
793 2617 935 2684 nomine
952 2613 1043 2683 Piro.
1095 2612 1186 2684 Illuc
1204 2612 1354 2685 Sanctus
1372 2613 1534 2695 Samson,

397 2734 476 2805 Deo
496 2735 645 2804 ducente
665 2754 707 2801 ac
723 2731 888 2823 magistro
905 2730 1054 2812 favente,
1075 2730 1280 2800 festinanter
1295 2731 1459 2822 perrexit,
1483 2728 1536 2799 ibi

396 2851 581 2946 gloriosam
604 2856 643 2920 et
670 2841 879 2942 angelicam⁶
903 2846 1012 2917 vitam
1040 2846 1150 2930 duxit,
1181 2846 1339 2918 amabilis
1367 2847 1536 2930 moribus,

396 2969 463 3059 piis
485 2947 645 3036 insistens
661 2964 830 3056 operibus,
855 2962 1000 3056 pervigil
1023 2963 1061 3032 in
1077 2963 1298 3034 orationibus.
1350 2961 1537 3034 Posthac

398 3105 490 3163 vero,
508 3081 660 3173 quodam
671 3079 804 3172 hyemis
816 3087 983 3170 tempore,
996 3086 1096 3171 pater
1105 3076 1226 3150 Sancti
1240 3077 1426 3162 Samsonis,
1436 3081 1537 3173 gravi

397 3195 599 3265 infirmitate
628 3196 816 3287 depressis,
850 3217 872 3263 a
901 3194 970 3264 suis
999 3196 1230 3265 commonitus
1258 3203 1313 3266 est
1340 3196 1463 3266 vicinis
1492 3203 1538 3265 ut

392 3311 497 3403 juxta
527 3333 662 3380 morem
694 3311 884 3403 susciperet
916 3310 1120 3380 sacrificium
1153 3312 1414 3381 communionis.
1466 3309 1539 3382 Ille

400 3450 480 3497 vero
505 3423 632 3497 obnixe
656 3424 840 3496 affirmavit
863 3447 1041 3518 nunquam
1066 3447 1102 3496 se
1125 3434 1276 3497 mortem
1301 3435 1537 3521 gustaturum,

398 3563 576 3634 nunquam
612 3541 817 3612 sacrificium
848 3550 1098 3634 suscepturum,
1136 3565 1314 3634 nunquam
1347 3543 1539 3612 sanitatem

398 3665 620 3751 receptumm
652 3658 852 3750 priusquam
886 3655 1091 3728 Samsonem
1120 3658 1231 3728 filium
1261 3681 1363 3730 suum
1388 3659 1537 3742 videret,

398 3797 440 3844 ac
472 3781 613 3866 propter
640 3774 754 3865 ipsum
787 3774 916 3865 pariter
944 3775 1094 3866 corporis
1124 3781 1160 3844 et
1193 3775 1318 3844 anima
1346 3776 1539 3845 sanitatem

398 3890 577 3983 reciperet.
628 3888 794 3960 Parentes
816 3912 898 3982 ergo
921 3889 964 3960 ad
987 3913 1067 3960 eum
1090 3889 1223 3984 legatos
1249 3891 1429 3972 miserunt,
1454 3913 1540 3982 pos·

400 4014 518 4076 centes
544 4013 586 4074 ut
609 4013 745 4098 patrem
768 4006 806 4074 in
828 4005 977 4076 confinio
999 4006 1121 4076 mortis
1144 4000 1432 4077 decumbentem⁷
1453 4006 1539 4077 visi-

399 4129 509 4203 taret;
527 4118 676 4191 Sanctus
688 4143 770 4191 vero
782 4119 930 4192 Samson
943 4121 1060 4192 dolore
1077 4130 1281 4203 commotus,
1292 4123 1352 4204 ait,
1372 4121 1539 4194 “Potens

318 4219 323 4227 ’
402 4243 486 4305 “est
499 4233 605 4317 Deus,
623 4236 752 4328 absque
767 4259 834 4319 me,
848 4245 1074 4331 aegrotantem
1090 4237 1239 4308 sanare.”
1289 4236 1446 4308 Tandem
1457 4237 1539 4309 Ab·

400 4351 491 4420 batis
514 4350 672 4440 precibus
696 4352 875 4423 convietus
899 4351 1031 4446 legatos
1055 4354 1196 4434 remisit,
1222 4360 1259 4423 ct
1284 4375 1321 4423 se
1346 4361 1539 4426 uenturum

437 4585 630 4640 monument.
647 4587 681 4642 0.
723 4587 787 4644 'Sic
804 4588 837 4644 B.
854 4590 981 4656 Putea,
1002 4590 1083 4646 MSS.
1124 4594 1188 4646 ’Me
1201 4598 1336 4658 protenta
1355 4589 1390 4644 0·
1431 4591 1540 4658 ‘Qumis

399 4671 639 4812 mhi
653 4675 820 4743 Vetadaest.
833 4674 867 4730 0.
902 4675 1067 4744 ‘duplisona
1079 4676 1113 4732 Ο.
1147 4677 1211 4733 ⁷Sic
1224 4677 1258 4734 B.
1270 4679 1482 4732 Decumtontcrn.
1501 4677 1539 4733 Ο.
