3450 5800
553 826 661 877 mann
686 826 947 877 naunavnusus.
1275 810 1322 880 25

174 996 319 1065 ercitum
329 993 572 1087 congregavit,
584 1001 621 1062 et
634 1015 715 1061 cum
725 1016 768 1062 eo
778 993 815 1063 in
828 989 1048 1065 Britanniam
1060 995 1174 1066 rediit.
1209 993 1322 1065 Beato

172 1113 276 1207 igitur
297 1109 477 1183 Samsone
496 1110 691 1203 jejunante,
718 1118 755 1179 et
779 1118 910 1193 orante,
935 1120 1043 1202 atque
1065 1109 1219 1182 Judualo
1242 1136 1323 1182 cum

172 1230 330 1299 exercitu
342 1234 470 1297 eontra
483 1225 711 1298 Commorum
720 1226 911 1319 praeliante,
925 1225 950 1297 J
950 1228 1098 1299 udualus
1111 1227 1232 1299 Sancti
1245 1252 1323 1321 pre-

172 1346 268 1416 cibus
287 1344 435 1415 hostem
455 1367 528 1413 uno
544 1344 619 1413 ictu
636 1344 837 1435 prostravit3
863 1352 902 1414 et
918 1345 1046 1415 exinde
1062 1346 1146 1443 ipse,
1164 1352 1202 1415 et
1217 1368 1323 1439 gene-

172 1462 316 1531 rationis
333 1462 411 1553 ejus
428 1481 651 1541 successores,
674 1482 778 1553 super
794 1457 1013 1531 Britanniam
1031 1461 1225 1531 dominium
1246 1469 1323 1531 ten·

173 1574 247 1647 nit.l
300 1576 398 1647 Mox
418 1573 520 1647 vero²
541 1573 715 1646 Juduelus
736 1598 758 1646 a
778 1577 850 1647 suis
868 1584 1015 1647 oranter
1034 1585 1206 1669 receptus,
1229 1578 1323 1649 etin

176 1692 314 1765 Ducem
334 1693 448 1764 totius
469 1691 659 1763 Britannia
680 1691 823 1774 electus,
846 1692 999 1786 seipsum
1020 1716 1102 1763 cum
1123 1694 1257 1763 cunctis
1277 1694 1323 1764 od

179 1832 215 1880 se
232 1809 497 1903 pertinentibus,
515 1809 619 1881 beato
637 1806 798 1879 Samsoni
815 1810 1038 1903 mancipavit,
1056 1818 1094 1879 et
1111 1811 1323 1881 orationibus

179 1926 252 2017 ejus
269 1926 394 1996 devote
412 1924 681 1995 commendavit.
721 1923 862 1996 Gratias
879 1934 962 2019 agat
979 1923 1064 1995 Dux
1082 1924 1322 2019 Redemptori,

176 2040 313 2113 exultet
330 2040 483 2135 populus
499 2042 704 2113 commissus
720 2049 820 2112 tanto
836 2042 977 2134 pastori.
1029 2040 1136 2113 Unde
1151 2043 1323 2135 principa-

174 2166 230 2229 tus
254 2160 367 2229 totius
392 2156 584 2229 Britanniae
609 2158 703 2251 apud
728 2156 861 2228 Dolum
880 2159 977 2251 juste
1002 2166 1161 2229 constare
1185 2159 1324 2229 ridetur

174 2297 283 2367 usque
304 2271 422 2345 hodia.
475 2272 572 2345 Nam
597 2282 746 2367 quantes
770 2274 919 2345 virtutes
942 2298 1006 2368 per
1030 2297 1122 2359 eum,
1148 2272 1323 2345 Dominus

174 2394 264 2466 ultra
285 2395 447 2486 citraque
467 2416 565 2464 mare
582 2393 714 2476 fecerit,
740 2402 983 2487 quantumque
1005 2395 1162 2465 doctrina
1186 2393 1320 2477 clamit,

174 2510 303 2581 nullius
338 2510 516 2603 scriptoris
546 2509 603 2580 rel
636 2510 788 2582 doctoris
816 2510 1019 2603 eloquentia
1046 2510 1320 2603 comprehendit.

176 2625 360 2697 Perfectus
377 2627 498 2719 itaque
511 2624 585 2697 viti
600 2634 638 2697 et
654 2633 768 2711 atate,
787 2628 993 2718 cunctisque
1008 2627 1197 2697 edomatur
1213 2627 1322 2696 virtu-
1464 2644 1470 2657 ¹

175 2744 266 2813 tibus
287 2742 364 2813 acri
384 2743 507 2813 morbo
524 2751 702 2836 correptus
719 2744 756 2813 in
777 2742 871 2814 Dolo
888 2744 1108 2825 monasterio,
1126 2742 1323 2813 circumflu-

176 2868 253 2932 ente
270 2860 380 2944 clero,
399 2882 523 2954 corpus
539 2859 675 2944 saeculo,
689 2855 859 2932 animam³
871 2860 1024 2932 reddidit
1036 2852 1151 2931 coelo.⁴
1198 2857 1323 2931 Clarus

177 2975 348 3048 Sanctum
359 2999 574 3070 corpuscum
587 2979 775 3071 unguentis
788 2977 990 3071 sepeliebat,
1001 2977 1145 3070 ipsoque
1157 2977 1322 3048 audiente

176 3093 325 3166 coelestie
336 3094 513 3164 exercitus
523 3094 676 3164 animam
686 3116 768 3165 oum
780 3094 920 3188 hymnis
930 3101 967 3165 et
979 3093 1195 3164 laudibusnd
1205 3091 1322 3164 Chris-

176 3217 248 3280 tum
265 3209 477 3281 deducebat.
529 3208 678 3304 Signum
695 3219 815 3282 autem
832 3210 1030 3282 beatudinis
1047 3210 1121 3302 ejus
1137 3234 1200 3280 nos
1216 3210 1322 3281 habe·

176 3349 259 3410 mus,
276 3329 315 3398 in
331 3327 388 3398 his
407 3325 569 3422 (scilicet)
588 3327 773 3411 miraculis,
790 3350 869 3421 quae
886 3328 1044 3420 quotidie
1059 3350 1123 3419 per
1139 3349 1221 3398 eum
1237 3326 1322 3396 facit

180 3442 373 3528 Dominus,l
393 3443 439 3514 ad
456 3443 606 3527 laudem,
625 3425 662 3514 ct
678 3444 826 3537 gloriam
842 3444 993 3514 nominis
1010 3439 1116 3534 ejusd
1141 3442 1222 3528 Qui,
1240 3464 1322 3512 cum

185 3557 258 3629 Deo
277 3559 381 3631 Patre
404 3568 441 3630 et
463 3557 599 3652 Spiritu
619 3558 761 3644 Sancto,
789 3561 876 3631 vivit
896 3568 934 3632 ot
954 3567 1079 3655 regnat
1102 3582 1166 3653 per
1185 3558 1322 3629 infinita

186 3675 295 3748 secula
309 3675 516 3749 seculorum.
568 3674 697 3748 Amen.

614 3908 732 3992 Fnur,
759 3906 887 3980 Auru.

216 4694 331 4776 ¹Siopre
344 4711 500 4760 tenuerunt.
519 4703 553 4761 B.
589 4706 716 4760 'Autan
734 4702 769 4759 0.
804 4703 964 4758 'Animum
982 4701 1016 4757 Ο.
1053 4698 1183 4756 meo,
1220 4701 1322 4752 ‘Deua

181 4793 216 4850 0.
247 4797 332 4863 ‘Ejus
343 4794 429 4849 deest.
448 4791 483 4846 0.
