3450 5800
551 826 660 878 arara
683 827 942 881 munsvrusra.
1268 813 1313 888 13

176 997 271 1066 mine
296 994 493 1077 Dubricius,
519 993 659 1066 missam
684 993 908 1068 ordinationis
932 995 1006 1089 ejus
1030 996 1218 1072 celebravit
1241 1023 1312 1074 una

176 1133 256 1183 oum
284 1113 451 1206 magistro
480 1108 609 1195 Ilduto,
639 1110 836 1182 columbam
860 1111 1001 1184 coelitris
1025 1113 1186 1186 emissam
1210 1137 1312 1209 super

175 1226 345 1298 Sanctum
363 1227 567 1298 Samsonem
589 1225 795 1298 mirabiliter
812 1237 903 1300 stare
919 1229 1027 1312 vidit3
1052 1237 1187 1302 etcum
1207 1255 1311 1326 super

175 1365 256 1414 eum
280 1343 471 1437 Episcopus
487 1365 631 1413 manum
652 1343 789 1426 levavit,
815 1345 977 1416 columba
997 1347 1035 1416 in
1056 1347 1216 1419 dextram
1237 1372 1310 1422 soa-

173 1459 293 1551 pnlam
316 1460 389 1552 ejus
411 1459 600 1543 descendit,
626 1467 663 1530 et
687 1459 736 1530 ibi
759 1462 915 1532 consedit
936 1462 1101 1554 quamdiu
1118 1462 1310 1558 Episcopus

174 1574 327 1645 officium
354 1575 549 1646 celebravit.
603 1574 689 1645 Non
713 1572 849 1646 multis¹
874 1576 1052 1668 posthaec
1077 1579 1175 1650 anuis
1198 1589 1309 1652 trans-

173 1691 269 1773 actis,
309 1691 354 1762 ab
387 1692 509 1762 eodem
544 1689 716 1784 Episcopo
749 1702 969 1764 consecratus
1001 1702 1054 1764 est
1085 1695 1124 1766 in
1152 1697 1309 1767 ordinem

173 1807 458 1902 presbyteratum
484 1808 546 1878 sed
568 1815 606 1877 et
628 1807 789 1880 columba
811 1808 855 1878 de
878 1809 966 1880 coelo
989 1831 1194 1902 supereum
1218 1812 1309 1884 sicut

172 1924 267 2016 prius
284 1924 471 2008 descendit,
497 1933 534 1995 et
551 1923 702 1994 electum
719 1922 789 1994 Dei
810 1925 1008 1998 innocentia
1028 1926 1185 2020 signavit.
1236 1925 1309 1998 Hic

172 2060 255 2109 vero
276 2039 414 2112 Ildutus
434 2042 557 2115 insuo
578 2041 787 2110 monasterio
810 2041 897 2112 duos
918 2049 1062 2134 nepotes
1085 2041 1208 2114 habuit
1229 2065 1307 2137 ger·

172 2175 315 2239 monos3
340 2178 487 2249 quorum
502 2178 592 2226 unus
609 2155 775 2239 sacerdos,
801 2156 890 2227 alter
905 2180 987 2228 vero
1003 2159 1077 2229 sine
1092 2159 1210 2252 gradu,
1232 2158 1307 2250 ejus

172 2271 239 2340 fuit
262 2269 482 2343 cellerarius.²
532 2270 700 2343 Sacerdos
717 2294 807 2355 vero,
833 2274 976 2366 cupiens
996 2281 1076 2367 post
1096 2275 1307 2346 eumculum

171 2387 347 2480 possidere
369 2389 626 2471 monasterium,
645 2388 705 2458 scd
725 2395 886 2459 metuens
902 2387 1072 2460 Sanctum
1089 2388 1303 2474 Samsonem,

172 2525 215 2574 ne
228 2504 278 2574 ob.
286 2504 436 2597 gratiam
448 2505 617 2574 virtutum
630 2504 675 2574 ad
687 2501 867 2575 Abbatem
879 2505 924 2574 ab
937 2505 1096 2576 omnibus
1108 2505 1302 2600 eligeretur,

172 2626 209 2690 et
233 2620 308 2713 ipse
330 2621 380 2690 sie
401 2621 609 2691 monasterio
632 2620 833 2712 privaretur,
856 2619 1074 2690 mortiferum
1096 2643 1176 2690 cum
1198 2621 1304 2692 fratre

171 2737 248 2807 iniit
273 2736 465 2807 consilium.
527 2735 623 2806 Nam
648 2735 804 2827 ejusdem
828 2734 898 2806 looi
922 2735 1044 2806 fratres
1068 2735 1243 2806 habebant
1267 2737 1305 2807 iu

171 2853 432 2936 consuetudine,
465 2851 644 2946 potionem
674 2845 878 2923 herbarum⁸
905 2858 985 2944 post
1016 2851 1137 2922 missae
1164 2849 1301 2924 habere.

170 2970 377 3042 Cellerarius
406 2969 520 3041 fratris
548 2970 600 3039 sui
625 2968 768 3039 consilio
792 2990 967 3039 venenum
990 2966 1150 3049 confecit,
1180 2976 1218 3038 et
1240 2990 1304 3061 per

170 3081 344 3181 pelacem⁴
359 3086 577 3157 mortiferum
599 3107 673 3157 esse
695 3085 863 3178 probavit,
890 3092 927 3154 et
948 3084 986 3155 iu
1007 3083 1165 3177 sciphum
1182 3082 1304 3155 Sancti

169 3202 347 3275 Samsonis
363 3202 464 3273 fudit.
516 3200 620 3286 Quod
638 3200 699 3271 illc
719 3224 781 3294 per
798 3198 967 3293 Spiritum
984 3197 1154 3273 Sanctum
1173 3200 1303 3271 iutelli-

167 3342 261 3413 gens,
287 3326 480 3412 potumque
497 3318 712 3399 benedicens,
739 3324 853 3387 totum
871 3315 969 3399 bibit,
995 3316 1082 3389 nihil
1097 3315 1181 3387 mali
1197 3339 1243 3386 ex
1259 3340 1302 3387 eo

169 3438 330 3506 sentiens.
383 3434 518 3505 Eodem
548 3433 613 3516 die,
644 3440 723 3526 post
755 3431 947 3525 prandium,
978 3430 1128 3503 Sanctus
1152 3430 1301 3505 Samson

170 3549 267 3622 cumi
296 3550 470 3621 Celerario
500 3549 745 3620 amicissimum
777 3547 901 3619 habuit
932 3547 1152 3640 colloquium.
1212 3546 1301 3617 “Mi

170 3666 308 3737 “fiuter
333 3664 546 3737 dulcissime!
566 3672 674 3747 ,sanet
699 3673 737 3737 te
764 3663 861 3735 Deus
890 3665 935 3735 ob
962 3665 1058 3735 omni
1086 3663 1299 3757 aegritudine,

170 3783 284 3875 “quia
302 3804 462 3875 magnam
486 3782 671 3851 sanitatem
692 3780 826 3873 corpori
852 3802 932 3849 meo
956 3778 1121 3871 poculum
1142 3776 1299 3870 praebuit,

167 3899 291 3992 “quod
305 3897 390 3967 mihi
403 3898 528 3969 dedisti
539 3896 673 3967 hodie.'’
712 3894 801 3965 Haec
813 3894 874 3965 illo
885 3894 1059 3975 audiente,
1072 3900 1300 3984 compunctus

165 4016 347 4112 ingemuit,
370 4008 597 4105 fratremque⁶
613 4034 715 4083 suum
731 4010 871 4081 nefandi
887 4000 1115 4079 incentorem⁷
1130 4008 1300 4098 poenitere

164 4131 397 4212 commonuit;
416 4130 476 4200 sed
491 4129 615 4200 noluit.
666 4126 836 4218 Sequenti
853 4124 1026 4196 dominica
1037 4123 1094 4193 die
1106 4144 1188 4193 cum
1204 4122 1299 4193 idem

197 4434 261 4490 ¹Sic
274 4433 308 4489 Ο.
320 4434 442 4487 multum.
454 4430 493 4487 H.
528 4432 682 4487 ’ocum
695 4428 728 4484 0.
762 4430 891 4484 ⁸Hertoe.
903 4426 936 4481 0.
971 4425 1074 4480 ⁴P01w
1083 4425 1155 4480 idem
1164 4429 1297 4495 astatque

162 4522 249 4588 Pilua,
268 4520 287 4575 i.
300 4538 324 4575 e.
335 4520 485 4587 maritoque,
503 4524 597 4587 cottus,
614 4518 760 4588 interprete
772 4514 882 4587 cangio,
894 4512 942 4584 qui
953 4512 1019 4567 out
1029 4511 1099 4567 hauc
1109 4513 1194 4585 ipsam
1205 4528 1296 4565 narra·

163 4608 264 4663 tionem
280 4624 318 4661 cx
333 4605 387 4660 alia
403 4606 460 4659 vite
476 4604 505 4660 S.
523 4604 666 4672 Samsonis,
683 4604 764 4657 Pitoc
780 4610 868 4656 cutem
883 4607 916 4654 ot
932 4600 993 4653 utto
1008 4602 1099 4653 rtatim
1114 4605 1234 4653 motuve
1249 4602 1296 4651 ert.

164 4692 330 4749 Giomrium
343 4692 372 4745 in
383 4708 457 4747 voco.
475 4690 509 4747 B.
544 4694 640 4761 ‘Onon
658 4690 740 4745 deest.
759 4688 793 4745 Ο.
828 4689 912 4757 ‘Qua
924 4686 1006 4741 deest.
1024 4684 1057 4740 0.
1091 4684 1195 4740 ⁷Forte
1205 4686 1296 4736 taven

164 4786 241 4836 toran
251 4785 303 4836 aut
313 4781 480 4834 decernerem.
499 4777 532 4833 Β.
