3450 5800
429 761 502 833 260
800 772 910 825 maan
934 772 1193 825 usvnsvnrvus.

431 946 591 1026 diximus,
608 942 796 1014 bacchatus
812 950 876 1024 est,
894 948 932 1011 et
948 946 1025 1009 tota
1040 939 1113 1009 vita
1129 961 1192 1010 sira
1207 940 1312 1022 irrita,
1330 948 1368 1011 et
1384 943 1568 1033 opprobrio

429 1062 543 1156 plena
594 1058 644 1130 Et
665 1059 759 1130 facta
780 1058 844 1129 tali
867 1056 1053 1138 invasione,
1077 1063 1114 1125 et
1136 1056 1265 1127 violato
1287 1057 1433 1151 refugio,
1460 1057 1567 1129 maie-

431 1179 523 1249 dixit
538 1175 731 1270 Episcopus
747 1174 936 1256 Gistinum,
954 1181 991 1244 et
1010 1170 1274 1256 malefactores,¹
1290 1173 1409 1245 ablata
1424 1174 1475 1245 eis
1491 1182 1566 1245 tota

432 1290 962 1366 Christianorumcommunione
975 1290 1194 1361 inomnibus.
1231 1288 1281 1359 Et
1292 1298 1477 1382 postquam
1487 1289 1567 1361 Gis-

430 1410 525 1482 tinus
540 1410 741 1504 recognovit
756 1406 971 1478 malefecisse
983 1430 1066 1501 erga
1078 1405 1205 1489 Deum,
1219 1413 1257 1476 et
1268 1415 1443 1500 pastorem
1455 1430 1567 1491 suum,
1708 1466 1709 1513 3

430 1526 609 1619 requisivit
622 1526 760 1596 veniam
775 1518 1031 1616 lachrymabili²
1043 1522 1228 1593 devotione
1243 1525 1336 1617 apud
1352 1523 1563 1618 Episcopum

431 1664 547 1725 suum;
572 1649 610 1711 et
622 1642 704 1711 data
719 1641 784 1712 sibi
798 1641 900 1710 venia
915 1662 996 1709 cum
1006 1640 1131 1731 juncta
1146 1640 1362 1731 poenitentia,
1377 1648 1414 1711 et
1429 1642 1564 1712 reddita

430 1759 559 1851 rapina,
577 1780 658 1828 cum
678 1757 771 1828 facta
788 1756 980 1838 concordia,
1002 1755 1197 1826 immolavit
1213 1755 1332 1827 Gistin
1353 1756 1476 1827 villam
1495 1756 1564 1827 Mi-

430 1872 507 1946 luc³
539 1873 627 1957 Deo,
661 1881 699 1944 et
723 1873 862 1944 Sanctis
887 1870 1064 1955 Dubricio,
1089 1871 1242 1955 Teliano,
1269 1881 1306 1943 et
1330 1871 1510 1958 Oudoceo,
1535 1883 1572 1945 ot

431 1986 655 2061 Hemualdo⁴
671 1988 854 2083 Episcopo,
872 1996 910 2059 et
927 1989 1087 2059 omnibns
1105 1989 1301 2081 pastoribus
1317 1988 1514 2073 Lmdaviae,
1531 1998 1568 2061 et

431 2128 514 2177 cum
528 2114 606 2176 tota
621 2127 684 2176 sua
698 2104 860 2176 libertate
877 2105 915 2175 in
931 2128 1054 2197 campo
1071 2112 1108 2175 et
1127 2106 1164 2174 in
1181 2104 1285 2187 silvis,
1307 2105 1345 2174 in
1364 2128 1455 2197 aqua
1476 2107 1568 2177 etin

429 2222 575 2315 pascuis,
589 2230 626 2291 et
638 2222 712 2291 sine
723 2220 798 2291 ullo
809 2244 915 2292 censu
927 2220 991 2291 ulli
1007 2220 1140 2291 homini
1160 2228 1310 2302 terreno,
1328 2222 1393 2290 nisi
1414 2222 1570 2293 ecclesiae

431 2336 628 2420 Laudaviae,
642 2345 680 2408 et
691 2337 837 2408 liberam
849 2339 887 2407 in
899 2345 1078 2429 perpetuo.
1129 2334 1187 2407 De
1200 2336 1355 2420 Clericis,
1368 2345 1473 2407 testes
1486 2346 1571 2408 sunt

432 2452 657 2524 Heruualdus
684 2452 888 2546 Episcopus,
916 2452 1119 2523 Mormarch
1146 2454 1344 2546 praesbyter,
1381 2451 1571 2523 Merchuiu
1710 2460 1711 2489 i

431 2569 628 2662 praesbyter,
653 2557 837 2652 Tutnertb,
867 2566 973 2640 Lifris
999 2568 1091 2639 filius
1119 2568 1283 2662 Episcopi
1309 2569 1571 2640 archidiaconus

431 2693 470 2755 et
485 2686 651 2779 magister
667 2683 788 2755 Sancti
801 2685 934 2767 Oatoci,
948 2684 1056 2755 Jonas
1073 2685 1269 2778 praesbyter,
1287 2684 1407 2755 Aidan
1423 2687 1573 2779 praesby-

431 2808 487 2871 ter
507 2799 628 2871 Sancti
645 2800 777 2883 Oatoci,
795 2799 904 2871 Gurci
927 2801 1114 2894 praesbyter
1131 2798 1252 2871 Sancti
1270 2800 1402 2884 Catoci,
1422 2800 1573 2871 Gurcin-

431 2917 488 2987 nif
506 2919 695 3011 praesbyter
718 2915 855 2988 Sancti⁵
877 2918 996 3000 Ilduti,
1019 2915 1213 2988 Johannes⁰
1238 2918 1427 3011 praesbyter
1450 2917 1573 2988 Sancti

432 3031 611 3117 Docunni;
636 3034 680 3104 de
696 3033 802 3116 laicis,
821 3033 979 3105 Gistinus
995 3033 1087 3104 filius
1104 3033 1272 3116 Gurcant,
1290 3034 1462 3105 Oaratauc
1479 3035 1572 3107 filius

433 3145 585 3232 Gulbrit,
612 3148 705 3220 Selii
724 3150 816 3220 filius
841 3150 993 3234 (immor,
1021 3150 1115 3221 Eliin
1137 3151 1229 3222 filius
1245 3148 1412 3233 Dissaith,
1430 3149 1575 3222 Mouric

431 3264 525 3335 filius
537 3263 727 3348 Guoronui,
742 3265 805 3336 Itis
816 3267 909 3338 filins
921 3266 1130 3350 Brochmail,
1145 3263 1337 3360 Cyndrich⁷
1353 3266 1444 3337 filius
1458 3264 1574 3350 Edrit,

432 3379 512 3452 Mei
529 3380 620 3451 filius
633 3380 806 3474 Episcopi.
858 3379 967 3454 Facta
979 3383 1196 3454 absolutione
1209 3384 1370 3455 omnibus
1382 3387 1572 3456 servaturis

431 3495 523 3568 hanc
535 3495 789 3590 eleemosynam
805 3497 843 3567 in
858 3499 1046 3591 tranquilla
1061 3522 1156 3591 pace,
1171 3506 1208 3570 et
1224 3500 1262 3570 in
1278 3499 1419 3570 servitio
1432 3497 1574 3572 Lenda·

431 3612 510 3695 viae;
536 3613 743 3705 separaturis
764 3622 884 3686 autem
906 3616 951 3687 ab
973 3613 1121 3687 ecclesii
1141 3613 1336 3697 Laudaviae,
1367 3615 1462 3686 facto
1489 3613 1573 3687 sibi⁸

431 3737 601 3822 perpetuo
624 3729 857 3801 anathemate.
908 3729 1037 3802 Amen.
1089 3731 1185 3802 Finis
1207 3730 1300 3801 illius
1323 3738 1386 3814 est,
1411 3729 1525 3802 Ceoin
1546 3732 1576 3801 ir

432 3843 497 3916 ailt
508 3846 622 3938 ipenn
637 3846 651 3915 i
667 3845 769 3916 claud
786 3847 885 3918 tuba
897 3847 958 3930 tal,
971 3848 1075 3918 arhit
1087 3848 1199 3919 bronn
1211 3847 1241 3918 ir
1253 3847 1317 3918 allt
1330 3843 1392 3916 ad⁹
1405 3867 1475 3916 1111.
1490 3849 1575 3918 dex·

433 3967 545 4031 teram
558 3961 613 4030 dir
624 3985 715 4045 cruc,
730 3987 769 4033 or
780 3987 861 4034 cruc
874 3963 1018 4034 iniauni
1035 3987 1128 4058 penn
1139 3965 1151 4032 i
1162 3962 1242 4034 oelli
1255 3963 1309 4034 dir
1321 3962 1433 4046 claud,
1444 3963 1458 4032 i
1471 3964 1575 4035 claud

434 4077 525 4147 nihit
540 4077 711 4171 diguairet
727 4080 789 4150 bet
804 4080 818 4148 i
834 4080 911 4150 ford
928 4089 1002 4152 trus
1018 4082 1031 4150 i
1048 4080 1124 4150 ford
1145 4079 1264 4151 iniaun
1285 4079 1348 4150 bet
1371 4081 1383 4148 i
1405 4081 1511 4163 main,
1535 4103 1578 4148 or

434 4194 529 4264 main
541 4194 707 4286 diperued
727 4195 778 4265 lin
796 4196 988 4289 igleinniou
1008 4198 1046 4268 in
1067 4196 1155 4279 Elei,
1174 4195 1252 4266 Elei
1266 4195 1399 4266 diuinid
1412 4197 1474 4268 bet
1486 4195 1578 4268 islau

470 4552 592 4610 meam
609 4531 869 4624 armassemus.
888 4559 922 4616 0.
958 4559 1022 4614 *sia
1041 4561 1074 4614 0.
1092 4562 1255 4618 ammosa
1280 4560 1318 4616 u.
1354 4559 1393 4614 Η.
1410 4559 1581 4615 *amm

435 4637 469 4693 Ο.
498 4641 617 4711 ⁵Cutoci,
627 4645 779 4711 Germanis
780 4648 923 4714 presbyter
931 4647 1023 4700 Sancti
1034 4647 1142 4704 desunt.
1153 4647 1186 4705 Ο.
1216 4648 1334 4716 ⁶Jocepb.
1359 4647 1393 4702 Ο.
1428 4646 1583 4716 ⁷cyndru.

437 4723 471 4780 ο.
486 4724 550 4780 ⁸sie
563 4727 598 4784 0.
614 4729 742 4786 meritur
753 4749 770 4786 a
782 4730 821 4789 Η.
855 4732 974 4793 artur.
994 4733 1030 4790 0.
