3450 5800
456 801 505 872 40
828 815 937 865 mana
961 813 1219 865 naunavsusls.

457 983 680 1058 ecclesiarum
693 978 939 1062 Herfortensis,
950 987 988 1049 et
1000 978 1131 1051 Sancta
1140 978 1267 1051 Deuui.
1292 978 1495 1051 'ferminum
1506 1004 1582 1051 vero

457 1094 636 1181 dedimus,¹
654 1104 692 1169 et
708 1096 776 1167 illis
792 1097 988 1187 proximam
1003 1104 1090 1167 tunc
1105 1096 1259 1169 futuram
1274 1097 1490 1167 mediantem
1504 1120 1582 1189 qua-

456 1217 686 1311 dragesimam
708 1214 902 1295 statuimus,
927 1220 969 1282 ut
993 1212 1129 1306 plenius
1151 1214 1290 1308 cognita
1311 1214 1460 1284 veritate
1484 1221 1581 1305 atque

457 1336 617 1414 discussa,
636 1352 734 1402 suam
746 1330 933 1420 unicuique
943 1330 1119 1422 justitiam
1132 1353 1355 1401 servaremus.
1403 1328 1510 1400 Porro
1522 1330 1581 1421 ipsi

456 1475 521 1523 nec
533 1450 640 1521 etiam
652 1443 730 1518 illo²
742 1447 892 1516 termino
905 1454 1084 1529 venenmt,
1098 1470 1163 1517 nec
1178 1470 1341 1539 personas
1357 1454 1436 1539 quae'
1451 1468 1582 1516 eausam

455 1562 1371 1659 suamagerentaslnostrampraesentiamdirexenmt.
1397 1561 1580 1643 Tuautem,

454 1686 561 1756 frater
573 1681 726 1763 Urbane,
744 1687 876 1750 statuto
892 1680 1051 1762 termino,
1067 1675 1224 1771 paratus⁸
1240 1701 1321 1750 cum
1336 1678 1495 1760 testibus,
1510 1699 1582 1747 nos·

455 1810 510 1872 tro
523 1807 560 1871 te
573 1797 772 1890 conspectui
785 1796 1009 1888 praesentasti.
1053 1794 1102 1865 Et
1113 1818 1186 1877 nos,
1199 1796 1364 1867 invitatos
1377 1795 1580 1888 aliquamdiu

455 1923 690 2010 expectantes,
716 1936 778 1982 sex
803 1912 946 1981 testium
965 1911 1167 2003 juramenta
1188 1913 1416 2004 mscepimus;
1442 1932 1579 2002 quornm

455 2035 533 2115 duo,
555 2022 734 2101 videlicet⁴
754 2028 896 2121 quidam
917 2027 1106 2121 praesbyter
1127 2028 1271 2121 sapiens,
1294 2036 1332 2100 et
1354 2026 1460 2099 unus⁵
1481 2028 1579 2098 laicus

448 2150 653 2242 juravenmt
670 2143 868 2237 parochiam
884 2143 981 2213 illam
998 2144 1042 2213 de
1055 2141 1124 2236 quia
1136 2146 1370 2215 controversia
1381 2145 1577 2238 agitabatur,

453 2264 586 2335 scilicet
603 2260 734 2342 Guher,
748 2259 919 2353 Cetgueli,
933 2258 1206 2343 Cantrebachan,
1224 2260 1392 2344 Estratiu,
1411 2260 1518 2354 Ergin
1531 2260 1578 2328 in-

454 2389 510 2451 tra
522 2376 756 2450 Landavensis
768 2375 986 2469 episcopatis
1002 2379 1169 2448 terminos
1184 2379 1354 2449 contineri
1373 2378 1517 2473 (scilicet
1531 2378 1578 2445 in-

454 2504 509 2568 ter
520 2494 642 2565 fluvios
654 2492 742 2586 Tyui
754 2500 791 2562 et
805 2492 891 2582 Gui)
908 2500 946 2563 et
962 2515 1000 2564 se
1016 2494 1141 2565 viduae
1154 2493 1347 2565 Ernaldum
1365 2494 1576 2586 Episcopum,

453 2621 705 2685 antecessorem
715 2618 825 2690 tuum,
839 2632 901 2701 per
913 2610 1140 2704 quadraginta
1151 2634 1259 2681 annos
1271 2612 1421 2681 eandem
1431 2608 1577 2703 parochi·

454 2752 511 2801 am
525 2725 650 2821 quiete,
669 2734 706 2797 et
722 2724 851 2817 absque
863 2727 1116 2819 interruptione
1129 2725 1295 2798 canonici
1305 2730 1469 2799 tenuisse.
1509 2724 1577 2796 Alii

455 2869 537 2917 vero
560 2852 708 2939 quatuor
728 2841 892 2913 videlicet
912 2842 1095 2927 Robertus,
1119 2853 1157 2915 et
1179 2841 1358 2916 Johannes
1381 2842 1579 2938 praesbyteri,

455 2962 650 3044 Galfredus,
676 2967 714 3030 et
736 2958 855 3030 Adam
880 2960 1025 3042 diaconi,
1043 2960 1249 3052 juraverunt
1273 2969 1392 3054 patres
1417 2984 1502 3043 suos,
1526 2959 1579 3051 qui

454 3085 596 3171 propter
612 3076 745 3146 senium
762 3075 807 3146 ad
823 3076 942 3145 sedem
958 3076 1184 3168 apostolicam
1196 3079 1313 3148 venire
1329 3100 1403 3150 non
1417 3083 1578 3171 poterant,

453 3193 520 3263 hoc
537 3193 629 3262 idem
640 3192 783 3283 jurasse,
798 3199 835 3261 et
851 3192 946 3261 utin
962 3199 1079 3262 nostra
1088 3193 1247 3284 jurarent
1262 3196 1447 3285 prasentia
1461 3214 1579 3287 praece·

453 3306 568 3401 pisse⁰
618 3307 696 3377 Nos
715 3308 884 3400 igiturex
900 3309 1076 3378 communi
1098 3308 1244 3380 fratrum
1265 3318 1463 3381 nostrorum
1486 3307 1578 3400 Epis-

453 3445 619 3516 coporum
638 3430 676 3493 et
692 3422 930 3494 Cardinalium
947 3424 1205 3507 deliberatione,
1222 3429 1508 3518 prenominatam
1523 3445 1578 3515 pa·

453 3540 607 3611 rochiam
628 3539 758 3631 absque
780 3540 1031 3630 inquietatione
1053 3541 1276 3611 ecclesiarum
1292 3540 1527 3613 Her-fortensis
1544 3545 1578 3606 et

454 3655 575 3728 Sancti
589 3653 715 3740 Deuui,
729 3655 785 3726 vel
799 3655 944 3748 alicujus
960 3655 1101 3727 alterius
1118 3658 1182 3727 tibi
1195 3666 1232 3728 et
1249 3659 1500 3731 successoribus
1514 3653 1577 3723 tuis

452 3780 620 3868 perpetuo
630 3773 711 3866 jure
727 3771 933 3854 habendam,
949 3773 1260 3865 possidendamque
1275 3777 1481 3847 censuimus.

499 3880 557 3993 ᾖ
589 3890 665 3984 Ego
691 3887 888 3959 Houomus
914 3888 1134 3961 Carnomcm
1161 3889 1349 3962 Eccnrsrn
1375 3893 1574 3964 Erssoorus.

452 4010 535 4080 Dat.
548 4006 721 4088 Laterani,
733 4025 770 4075 11.
782 4027 862 4075 non.
874 4004 1017 4098 Aprilis,
1030 4007 1151 4076 indict.
1161 4025 1226 4077 vn.
1237 4031 1328 4080 anno
1340 4000 1576 4080 incarnationis

453 4119 662 4196 Dominioae⁷
686 4128 862 4192 ucxxrx⁰.
884 4121 1106 4213 pontificatus
1126 4120 1262 4194 autem⁸
1282 4125 1415 4196 domini
1435 4116 1575 4194 Honorii

453 4239 493 4310 P.
512 4239 552 4310 P.
571 4237 733 4320 Secundi,
750 4260 840 4308 anno
857 4235 920 4306 v⁰.⁹

488 4571 551 4628 ¹sa
569 4571 602 4626 n.
620 4575 685 4628 aar.
704 4573 783 4629 uss.
829 4575 913 4629 arm.
930 4573 965 4629 0.
1012 4576 1149 4632 armes.
1168 4577 1201 4632 0.
1240 4579 1374 4634 *asam
1393 4580 1426 4635 0.
1467 4571 1529 4626 ⁶810
1544 4563 1575 4618 B·

453 4661 546 4712 mam.
559 4657 639 4714 uss
674 4659 854 4728 aerumpna.
874 4660 907 4716 ο.
942 4661 1077 4718 ⁷n0mrna.
1095 4663 1129 4718 0.
1162 4665 1285 4732 anonam
1298 4665 1331 4721 0.
1349 4666 1424 4722 aest
1434 4666 1524 4718 saraa
1543 4651 1573 4704 0·

452 4744 612 4816 vraprffls,
630 4745 706 4800 A.D.
722 4749 799 4801 1129.
834 4747 992 4806 anonu.
