3450 5800
536 834 643 887 maun
667 831 925 885 cannavanara.
1249 814 1296 885 31

204 1004 409 1077 Horroaros
436 1001 641 1095 Episcopus,
667 1020 785 1069 servus
807 1020 984 1069 servorum
1006 997 1085 1081 Dei,
1111 1002 1299 1073 venerabili

159 1124 255 1195 fratri
273 1122 424 1195 Urbano
443 1116 679 1191 Laudaveusis
695 1114 848 1185 ccclesia
866 1114 1048 1207 Episcopo,
1064 1113 1208 1209 ejusque
1224 1142 1301 1191 aue-

161 1238 355 1311 ceasoribus
376 1231 544 1307 canonice
564 1231 816 1326 promovendis,
837 1232 1112 1324 inperpetuum
1163 1233 1207 1306 In
1227 1258 1301 1307 em.

160 1356 272 1427 inenti
294 1354 390 1425 sedis
410 1349 608 1445 apostolica
628 1347 769 1440 specula
790 1347 1009 1441 (disponente
1030 1348 1197 1443 Domino)
1219 1378 1301 1427 con.

27 1482 29 1533 l
161 1471 286 1554 stituti,
313 1492 362 1541 ex
377 1468 537 1560 injuncto
553 1464 652 1537 nobis
667 1463 791 1545 officio,
817 1462 941 1534 fratrea
960 1471 1095 1537 nostros
1109 1466 1302 1565 Episcopos

27 1620 28 1631 ¹
163 1588 333 1659 debemus
354 1585 509 1679 diligere,
535 1590 572 1653 ct
592 1580 747 1653 ecclesiia
767 1580 833 1651 sibi
853 1602 875 1651 a
896 1578 975 1651 Deo
993 1584 1184 1657 commissis
1203 1609 1302 1659 suam

160 1703 338 1797 justitiam
352 1722 566 1773 conservare.
616 1696 777 1779 Proinde,
797 1695 996 1767 charissime
1012 1698 1049 1767 in
1066 1698 1220 1773 Domino
1236 1704 1303 1777 ira·

168 1830 226 1891 ter
247 1818 406 1891 omma
431 1816 614 1909 Episcopo,
640 1815 710 1885 tuis
731 1813 994 1887 rationabilibus
1014 1816 1304 1908 postulationibus

168 1942 369 2019 annuentes,
387 1934 483 2005 beati
496 1931 593 2003 Petri
609 1938 876 2022 sanctorumque
888 1930 1122 2003 confessorum
1134 1932 1304 2023 Dubricii,

168 2051 311 2135 Teliaui,
333 2050 503 2133 Oudocei,
525 2043 804 2121 laudavensem¹
821 2045 1013 2129 ecclesiam,
1036 2050 1094 2119 cui
1112 2048 1205 2144 (Deo
1224 2077 1307 2127 auo.

166 2168 255 2257 tore)
267 2168 444 2261 praesides,
457 2166 495 2236 in
507 2162 703 2258 apostolice
715 2161 806 2233 sedis
818 2159 984 2233 tutelam’
995 2163 1198 2258 excipimus.
1236 2168 1307 2243 Per

166 2280 364 2377 praeseutia⁸
381 2284 488 2377 igitur
506 2279 677 2375 privilegii
696 2279 869 2373 pagiuam
891 2278 1082 2371 apostolica
1097 2285 1307 2361 auctoritate

166 2400 355 2471 statuimus
369 2408 422 2469 ut
442 2397 588 2469 ecclesia
607 2404 730 2478 vestra,
756 2417 838 2465 cum
858 2416 920 2466 sua
941 2395 1120 2490 dignitate,
1145 2399 1191 2474 ab
1211 2406 1308 2479 omui

167 2516 331 2587 mcularis
343 2514 477 2586 servitii
488 2512 687 2607 gravamine
700 2511 809 2583 libera
820 2520 970 2595 maneat,
983 2520 1021 2583 et
1033 2516 1162 2606 quieta
1204 2516 1308 2603 Quae-

169 2656 305 2726 cunque
319 2654 405 2703 vero
417 2630 637 2701 concessione
649 2628 863 2722 pontificum,
877 2626 1086 2702 liberalitate
1102 2632 1307 2729 principum,
1335 2702 1339 2712 ,

170 2750 348 2821 oblatione
373 2746 540 2829 fidelium,
566 2745 623 2817 vel
647 2745 724 2817 aliis
747 2744 860 2815 modis
885 2746 931 2815 ad
954 2747 1102 2817 eandem
1126 2749 1309 2823 ecclesiam

165 2866 256 2961 juste
272 2874 314 2940 et
330 2862 498 2938 canonici
513 2864 687 2958 pertinere
700 2870 899 2946 noscuntur,
912 2862 947 2934 ei
962 2861 1063 2935 firma
1078 2864 1116 2935 iu
1131 2874 1310 2959 posterum

172 2995 206 3057 et
217 2986 359 3079 integra
369 2988 624 3054 conserventur.
675 2979 719 3051 Iu
732 2979 943 3074 quibushac
955 2981 1101 3073 propriis
1112 2985 1310 3060 nominibus

172 3103 335 3174 duximus
359 3097 597 3192 exprimenda,
619 3095 842 3178 Laudaviam,
869 3096 1010 3179 scilicet
1036 3120 1118 3169 cum
1137 3102 1312 3174 territorio

170 3241 241 3302 sno
255 3217 445 3290 ecclesiam
462 3214 598 3298 Endon,
616 3213 799 3286 ecclesiam
816 3211 937 3284 Sancti
953 3211 1091 3298 Hilarii,
1105 3213 1226 3292 Sancti
1244 3218 1312 3292 Ni.

174 3337 257 3419 sicu,
280 3333 407 3406 Sancti
431 3331 566 3402 Teliaui
586 3331 630 3402 de
652 3329 807 3402 Merthir
825 3330 948 3415 minor,
971 3329 1092 3404 Sancti
1111 3331 1247 3408 Teliaui
1267 3337 1312 3412 dc

178 3448 420 3544 lauugervall
446 3445 569 3518 Sancti
594 3445 701 3530 Petri,
728 3445 849 3518 Sancti
875 3445 994 3530 Ilduti,
1017 3447 1137 3520 villam
1160 3450 1314 3548 Longat-

182 3565 326 3660 gualatir
347 3588 430 3636 cum
450 3563 597 3636 ecclesia
617 3561 740 3636 Sancti
761 3561 873 3646 Oivin,
894 3563 1013 3636 villam
1033 3563 1154 3638 Sancti
1173 3567 1314 3642 Tauauc

184 3704 267 3752 cum
282 3682 431 3764 ecclesia,
458 3679 577 3752 villam
595 3677 732 3752 Hauriu
753 3701 833 3752 cum
854 3679 1009 3764 ecclesia
1037 3682 1155 3754 villam
1176 3683 1316 3780 Mertyr

30 3821 31 3842 ³
183 3797 342 3870 Tcudiric
353 3819 433 3868 cum
447 3796 609 3880 ecclesiis,
623 3797 743 3868 villam
756 3794 877 3868 Sancti
890 3795 1049 3869 Oudooei
1062 3822 1142 3869 cum
1159 3801 1315 3888 ecclesia,

181 3915 302 3988 villam
323 3914 443 3988 Sancti
468 3912 614 3986 Numen
636 3935 717 3984 cum
739 3913 895 3995 ecclesia,
918 3914 1037 3986 villam
1056 3915 1214 3988 Tanasau
1235 3941 1317 3992 cum

177 4033 334 4116 merea
352 4031 474 4104 mam
492 4010 651 4102 naucum
667 4053 749 4102 oum
765 4030 929 4113 aereas,
954 4030 1075 4102 vinam
1094 4031 1318 4126 magnema

178 4173 261 4222 muc
273 4172 356 4220 cum
368 4147 524 4230 ecclesia
538 4145 658 4220 villam
674 4145 947 4218 Merthirdiucat
959 4169 1040 4218 cum
1052 4148 1207 4231 ecclesia,
1226 4148 1318 4223 Lau,

178 4266 292 4362 garta
318 4264 442 4336 Sancti
464 4263 597 4335 Teliaui
615 4265 659 4334 de
676 4261 786 4334 Porth
804 4262 951 4347 Halauc,
978 4263 1100 4336 Sancti
1122 4264 1257 4340 Teliaui
1273 4269 1318 4340 de

179 4382 337 4464 Crismic,
363 4381 546 4454 ecclesiam
567 4378 689 4451 Sancti
705 4379 875 4463 (iletauci
901 4380 1083 4454 ecclesiam
1100 4379 1222 4456 Sancti
1239 4382 1320 4455 Sul-

178 4499 250 4584 bui
264 4498 384 4570 villam
402 4495 571 4570 Penuivei
587 4519 668 4568 cum
681 4496 835 4579 ccclesia,
850 4497 968 4568 villam
986 4496 1107 4570 Sancti
1124 4498 1258 4573 Teliaui
1275 4502 1319 4574 de

249 4820 457 4875 thammo.
476 4817 508 4874 Ο.
546 4817 611 4875 2Sic
622 4817 656 4875 B.
670 4819 770 4876 raab.
784 4817 865 4876 MSS.
900 4818 964 4875 ⁸sie
976 4818 1010 4874 B.
1022 4821 1167 4874 Preamtca.
1180 4817 1261 4874 MSS.
