3450 5800
555 830 662 881 nmnn
687 828 947 882 nannsvnnsm.
1275 814 1322 890 57

178 1000 303 1082 Goher,
317 988 509 1081 Chedneli
523 995 797 1079 Gantrebaohan,
812 996 965 1068 Istrateu
977 1006 1016 1069 et
1028 996 1171 1083 Heinius,
1185 1006 1322 1071 contro·

176 1116 283 1187 versia
295 1117 466 1211 agitatur,
480 1113 690 1185 fraternitati
707 1120 777 1183 tuse
790 1115 987 1185 mandando
998 1116 1225 1209 praecipimus,
1239 1140 1325 1209 qua-

174 1242 275 1305 tenns
290 1233 459 1325 proxima
476 1226 563 1301 divi¹
586 1228 691 1299 Lucae
712 1229 904 1301 festivitate
924 1239 1043 1302 nostro
1063 1241 1101 1302 te
1122 1234 1323 1326 conspectui

174 1357 422 1443 repraesentes3
451 1349 568 1419 eidem
580 1346 678 1416 fratri
690 1353 809 1417 nostro
822 1342 879 1417 B?
892 1345 1077 1441 Episcopo,
1091 1356 1166 1420 tam
1179 1350 1223 1420 de
1235 1372 1322 1443 prae-

175 1466 256 1537 fatis
273 1465 461 1559 parochiis,
479 1486 586 1556 quam
603 1462 647 1531 de
663 1462 747 1533 villa
762 1462 944 1546 Talebont,
962 1466 1058 1534 omni
1074 1468 1254 1537 occasione
1269 1490 1323 1539 se-

176 1585 301 1676 posita,
317 1581 530 1675 respondere
546 1585 697 1671 paratus.
748 1576 832 1649 Dat.
850 1577 992 1651 Pirerii³
1007 1600 1043 1650 v.
1060 1581 1138 1652 idus
1155 1581 1270 1653 Maii.⁴

234 1814 485 1884 Innocnnrrus
498 1810 701 1905 Episcopus,
715 1834 834 1882 servus
846 1834 1024 1883 sorvorum
1037 1811 1117 1897 Dei,
1135 1818 1323 1888 venerabili

182 1930 283 2001 fratri
301 1928 455 2012 Urbano,
479 1924 716 1999 Landavensi⁵
738 1926 923 2021 Episcopo,
941 1929 1091 2001 salutem
1107 1938 1144 2001 et
1160 1934 1323 2025 apostoli-

181 2070 259 2117 cam
289 2047 578 2117 benedictionem.
631 2044 938 2129 Quemadmodum
967 2053 1030 2116 tna
1057 2048 1155 2117 norit
1182 2048 1324 2120 dilectio

177 2162 343 2233 fiatribus
364 2163 492 2233 nostris
509 2160 654 2232 Urbano
672 2158 798 2231 Land.⁶
813 2169 850 2231 et
871 2160 1049 2233 Bemardo
1067 2161 1189 2234 Sancti
1207 2163 1325 2237 David

176 2276 373 2371 Episcopis
391 2302 455 2371 pro
468 2278 701 2348 controversia
713 2299 790 2368 qnae
806 2278 969 2349 intereos
986 2280 1147 2373 agitatur,
1164 2284 1324 2378 proxima

176 2392 263 2465 divi⁷
281 2394 394 2465 Lucae
411 2394 602 2464 festivitate
618 2394 818 2475 terminum,
843 2396 1096 2467 constituimus.
1148 2396 1324 2469 Oaetemm

176 2511 269 2581 idem
286 2512 402 2581 frater
417 2517 535 2580 noster
547 2508 712 2580 Urbanus
729 2507 922 2602 Episcopus
939 2512 1079 2581 directis
1095 2512 1140 2583 ad
1157 2536 1325 2586 nosnun·

177 2628 242 2710 tiis,
253 2628 426 2698 adversus
437 2625 550 2698 Rebel
564 2624 803 2696 Camerarinm
818 2626 863 2695 de
878 2626 1096 2698 Tancarvilla
1105 2636 1248 2720 questus
1258 2638 1322 2713 est,

178 2744 267 2835 qnod
284 2766 373 2814 enm
391 2743 436 2813 de
451 2742 667 2835 possessione
683 2740 774 2811 villae
791 2740 914 2813 Sancti
929 2742 1064 2813 Teliaui
1086 2743 1130 2813 de
1147 2742 1325 2815 [annualt

179 2859 351 2932 violenter
368 2859 484 2952 ejecit.
535 2858 707 2944 Quocirca
728 2857 952 2929 sollicitudini
970 2866 1092 2930 vestrae
1108 2860 1322 2945 mandamns,

181 2961 351 3068 qnatenus
375 2979 519 3047 inventa
534 2976 804 3070 opportunitate,
825 2998 929 3069 super
944 2975 1020 3070 hoo·
1029 2975 1267 3047 charissimum
1283 2977 1324 3046 fi·

180 3091 262 3163 lium
272 3091 455 3164 nostrum⁸
465 3090 529 3161 H?
539 3091 675 3185 Regem
685 3092 798 3176 adeas,
809 3100 850 3162 nt
862 3091 1243 3164 Landavensiecclesiae
1253 3117 1324 3164 non

177 3211 331 3301 patiatur
352 3209 518 3302 injuriam
542 3210 693 3302 irrogari,
719 3209 780 3279 sed
806 3232 868 3295 sua
888 3210 922 3279 ei
947 3209 1052 3280 faciat
1070 3210 1151 3301 jura
1174 3211 1321 3281 restitui.

181 3323 263 3394 Dat.
279 3325 502 3418 compendii,
520 3344 584 3394 vn.
602 3324 666 3395 cal.
684 3323 709 3394 J
709 3323 819 3395 unii.¹⁰

225 3553 500 3628 lnuocnnmus¹¹
513 3558 714 3651 Episcopus,
724 3581 842 3630 servus
852 3582 1029 3631 servornm
1039 3559 1323 3642 Dei‚charissimo

188 3672 228 3740 in
244 3669 374 3743 Christo
385 3674 461 3744 filio
475 3673 639 3757 Henrico,
653 3674 781 3746 illustri
794 3672 992 3769 Anglorum
1006 3675 1106 3769 Regi,
1120 3675 1269 3745 salutem
1287 3682 1325 3744 et

187 3787 406 3880 apostolicam
418 3791 709 3862 benedictionem.
753 3791 879 3862 Honor
890 3790 959 3863 Dei
970 3799 1032 3874 est,
1044 3799 1081 3861 et
1092 3789 1183 3860 salus
1192 3788 1323 3881 populi,

183 3905 410 3998 siprincipes‚
430 3909 556 4000 quibus
573 3916 653 3978 sunt
667 3909 750 3999 jura
772 3909 871 4002 regni
893 3907 971 3978 Deo
996 3906 1188 3987 commissa,
1214 3904 1325 3974 ecole-

180 4021 249 4091 sias
262 4021 419 4116 diligant,
433 4031 472 4094 et
481 4025 526 4094 ab
539 4025 672 4116 injuriis
684 4024 936 4096 ecclesiasticas
947 4044 1111 4116 personas
1123 4020 1323 4091 defendant.

181 4135 221 4204 N
223 4137 420 4208 obilitatem
440 4141 549 4232 igitur
567 4149 667 4210 tuam
686 4163 857 4236 rogamus,
882 4146 920 4210 et
942 4138 1167 4210 exhortamur
1187 4137 1226 4206 in
1251 4133 1324 4206 Do-

179 4253 286 4336 mino,
316 4265 489 4346 quatenus
516 4257 749 4329 venerabilem
779 4257 922 4327 fratrem
947 4262 1104 4326 nostrum
1130 4251 1324 4334 Urbanum,

216 4521 312 4578 ¹Bcnti
328 4525 358 4578 in
375 4523 461 4580 altero
479 4527 637 4598 exemplari.
657 4526 691 4581 E.
730 4525 979 4598 ’Leg'Bemcrda
997 4522 1031 4577 E.
1073 4516 1179 4578 Ῥίγεα·
1195 4522 1224 4576 in
1241 4521 1326 4575 altero

178 4609 252 4664 dicto
264 4611 425 4682 exemplari.
444 4611 478 4666 B.
512 4615 565 4667 411
580 4614 656 4681 Maii,
675 4616 752 4667 113-.
787 4613 926 4667 ³Inimico.
939 4611 973 4666 0.
1008 4609 1093 4682 ‘leg
1104 4610 1278 4663 undeceni.
1291 4605 1326 4660 E.

178 4696 335 4752 ⁷Snnctr'.0
381 4699 538 4755 Waoam.
551 4699 584 4756 0.
619 4699 702 4771 ”Leg
715 4701 871 4754 Henricum.
884 4697 918 4753 E.
954 4696 1020 4751 ¹⁰26
1032 4695 1108 4766 Maii,
1122 4699 1198 4751 113-.
1235 4692 1254 4731 ¹¹
1266 4690 1328 4746 Hoc

179 4781 264 4838 breve
274 4783 392 4838 secunda
403 4784 461 4840 vice
472 4783 597 4858 habetur,
615 4803 679 4842 nam
691 4785 762 4842 idem
774 4786 901 4856 occurrit,
918 4802 946 4868 p
959 4787 1003 4838 55.
