3450 5800
422 808 492 878 1:36
791 825 900 876 nmen
924 824 1184 875 nsunsvmusrs.

419 989 620 1083 Episcopus,
637 987 749 1060 Jacob
764 987 888 1060 Abbas
904 988 1035 1071 Catoci,
1054 987 1190 1082 Oatgen
1206 985 1329 1060 Abbas
1345 988 1465 1074 Ilduti,
1483 989 1564 1061 Eu·

417 1105 548 1201 tegirn1
567 1104 690 1177 Abbas
713 1105 886 1176 Docunni.
936 1105 1032 1177 Finis
1060 1114 1180 1177 autem
1203 1105 1307 1197 hujus
1330 1107 1404 1201 agri
1428 1117 1492 1190 eat,
1517 1106 1562 1178 A

417 1225 545 1317 palude
565 1224 663 1318 nigra
678 1244 788 1315 usque
805 1223 850 1292 ad
870 1222 989 1293 sedem
1005 1222 1140 1305 Cetiau,
1157 1229 1194 1292 et
1215 1220 1435 1307 Hahesceun,
1456 1221 1563 1295 inde²

418 1362 528 1432 usque
544 1340 590 1409 ad
605 1340 743 1411 arbores
760 1337 868 1408 foton.

418 1603 529 1676 Lanu
545 1603 789 1688 circumis,
807 1623 852 1673 nr
869 1621 969 1672 naun
985 1599 1206 1674 monnone.
1259 1602 1369 1675 Lanu
1385 1604 1555 1690 Concor,

800 1739 846 1790 nr
862 1739 962 1790 mnu
978 1717 1175 1789 Pnucnnrc.

467 1919 657 1992 Sciendum
673 1928 728 1991 est
744 1941 825 1990 sane
842 1919 937 2010 quod
953 1917 1141 1989 Oudoceus
1157 1917 1349 2012 Episcopus
1365 1941 1467 1991 suum
1478 1944 1563 2015 pro·

416 2037 532 2130 prium
548 2035 730 2129 acquisivit
746 2057 878 2130 agrum,
899 2034 936 2105 id
952 2032 1031 2117 est,³
1052 2035 1183 2128 podum
1206 2034 1409 2130 Cingualan,
1432 2059 1559 2132 agrum

417 2155 558 2245 quidem
576 2152 697 2223 Sancti
714 2150 871 2222 Dubritii
886 2152 924 2221 in
940 2151 1053 2244 patria
1066 2150 1188 2235 Guhir,
1203 2175 1308 2243 quem
1321 2150 1471 2224 Sanctus
1482 2153 1563 2226 Ou-

417 2270 544 2339 doceus
563 2292 586 2339 a
604 2276 761 2361 tempore
780 2267 1003 2338 mortalitatis
1022 2268 1152 2363 (idest,
1172 2291 1203 2362 y
1225 2266 1319 2363 ἀμφι
1341 2267 1457 2360 mdes)
1477 2293 1560 2363 per·

416 2384 552 2455 diderat
566 2407 676 2477 usque
693 2385 738 2456 ad
754 2393 893 2478 tempus
909 2382 1059 2454 Athruis
1075 2385 1138 2454 filii
1156 2383 1319 2454 Mourici.
1370 2384 1458 2457 Post
1473 2410 1559 2458 vero

416 2501 675 2572 contentionem
691 2523 854 2597 magnam
867 2503 960 2571 inter
972 2499 1179 2571 Oudoceum
1192 2500 1415 2595 Episcopum,
1428 2512 1467 2573 et
1478 2501 1559 2575 Ab·

415 2618 534 2689 batem
551 2617 661 2688 Ilduti
678 2616 803 2702 Biuon,
821 2618 881 2710 qui
898 2617 1037 2687 dicebat
1053 2640 1156 2687 suum
1172 2640 1247 2687 esse
1263 2641 1401 2711 agrum3
1419 2620 1457 2689 in
1471 2620 1553 2704 line,

415 2757 496 2805 vero
503 2735 636 2826 judicio
642 2735 820 2827 judicatus
833 2743 888 2805 est
899 2757 983 2828 ager
994 2733 1178 2825 praedictus
1189 2732 1356 2804 Oudoceo
1370 2731 1554 2829 Episcopo,

415 2859 452 2922 et
469 2851 570 2923 altari
586 2851 772 2924 Landosia
788 2852 826 2921 in
847 2859 1017 2945 perpetua
1032 2850 1245 2921 haereditate.
1296 2849 1396 2921 Cella
1412 2852 1556 2943 quidem

416 2966 620 3061 Cyngualan
640 2990 721 3038 cum
740 2976 901 3038 suatota
920 2968 1055 3050 tellure,
1076 2975 1114 3037 et
1133 2966 1223 3037 cella
1241 2964 1440 3050 Arthuodu,
1463 2969 1557 3040 Con-

415 3083 569 3177 gurique
592 3091 630 3153 et
652 3083 852 3154 Penncreic.
904 3083 953 3153 Et
975 3084 1124 3155 Sanctus
1145 3083 1332 3155 Oudoceus
1354 3084 1488 3177 accepit
1508 3087 1558 3157 de

415 3221 520 3268 manu
537 3198 695 3281 Athruis,
713 3198 883 3269 Gurcanti
900 3197 1027 3292 Magni
1044 3208 1198 3292 nepotes,
1216 3207 1288 3270 tres
1308 3199 1448 3271 cellulas
1463 3224 1557 3293 prae·

415 3314 525 3384 dictas
541 3314 578 3383 in
594 3324 762 3407 perpetua
778 3315 1044 3399 consecratione,
1063 3324 1100 3386 et
1116 3340 1198 3385 cum
1214 3317 1309 3386 omni
1323 3316 1499 3409 dignitato,
1514 3326 1559 3388 et

414 3438 491 3500 tota
507 3432 759 3513 communione,
778 3432 815 3501 in
832 3453 955 3525 campo
972 3441 1010 3502 et
1029 3432 1067 3502 in
1083 3434 1186 3515 silvis,
1204 3434 1240 3503 in
1257 3455 1357 3525 aqua
1363 3441 1400 3503 et
1419 3433 1457 3503 in
1475 3457 1558 3527 pas-

414 3546 503 3631 cuis3
520 3554 558 3617 et
570 3548 634 3618 sub
646 3555 815 3640 perpetuo
828 3548 1061 3631 anathemate,
1075 3550 1272 3641 quicunque
1284 3548 1361 3619 illas
1373 3550 1559 3643 praedictas

415 3662 576 3734 ecclesias
597 3686 618 3733 a
639 3664 848 3734 monasterio
867 3651 1053 3735 Laudaviae
1075 3666 1294 3758 separaverit
1346 3664 1418 3749 Qui
1434 3675 1557 3737 autem

414 3778 627 3861 custodierit,
641 3781 814 3851 custodiet
826 3780 927 3851 illum
940 3780 1123 3851 Dominus.
1159 3780 1397 3879 Amen—De
1410 3781 1557 3854 clericis

414 3903 522 3966 testes
545 3903 626 3965 sunt
649 3894 834 3967 Oudoceus
857 3896 1060 3990 Episcopus,
1084 3897 1230 3992 Catgen,
1254 3895 1369 3967 Biuan
1388 3920 1469 3968 cum
1492 3922 1558 3969 sua

415 4013 556 4095 familia,
575 4010 688 4082 Jacob
700 4010 823 4083 Abbas
841 4012 960 4084 altaris
973 4012 1095 4084 Sancti
1108 4013 1240 4097 Catoni,
1255 4013 1418 4107 Eutigim
1431 4012 1558 4087 Abbas

414 4126 578 4199 Docunni
599 4152 680 4199 cum
703 4130 773 4200 suis
790 4129 943 4201 Clericis.
994 4129 1052 4200 De
1072 4130 1178 4213 laicis,
1196 4130 1276 4200 Rex
1294 4128 1477 4202 Mouricus
1496 4156 1556 4203 su-

413 4267 476 4336 per
491 4242 602 4313 filium
619 4267 720 4314 suum
736 4246 894 4328 Athruis,
908 4244 1123 4330 Conuonuc,⁴
1135 4246 1326 4329 Guallonir‚
1346 4245 1555 4331 Morcenou,

415 4358 547 4441 Eithin,
564 4358 733 4443 Convetu,
752 4360 962 4455 Gueithgen,
981 4362 1168 4433 Brocmaili
1185 4362 1286 4446 lilius,
1303 4362 1452 4447 Gnidoc,
1471 4362 1556 4435 Ma-

432 4755 598 4825 ¹Euayime.
617 4756 653 4811 Ο.
688 4758 1103 4819 ’SicO.Atcscmaindie.ll.
1137 4763 1287 4821 ⁸Marto.
1322 4766 1538 4823 *macoma
