3450 5800
540 780 650 833 umus
672 780 934 835 usunsvuusrs.
1237 767 1307 839 185

165 955 290 1029 ment,
303 948 493 1018 tendentes
504 948 549 1018 ad
564 947 782 1041 propositum
793 946 871 1030 iter,
885 947 976 1018 dixit
987 972 1077 1020 unus
1089 950 1133 1021 ari
1146 950 1306 1037 alterum,

168 1063 392 1158 “Pergamus
417 1063 461 1134 ari
486 1063 603 1133 locum
626 1064 735 1133 istum
758 1062 919 1156 martyris
950 1065 1128 1159 (videlicet
1153 1066 1306 1159 Clitauc)

168 1190 235 1251 “et
256 1180 302 1251 ad
325 1179 551 1273 sepulchmm
572 1179 675 1261 illius,
696 1179 898 1249 abbreviato
914 1180 1039 1252 itinere
1055 1190 1184 1265 nostro,
1202 1191 1239 1253 et
1255 1207 1309 1255 re-

167 1304 365 1367 “manente
380 1295 568 1388 proposito,
582 1302 619 1367 et
635 1317 739 1387 super
754 1294 847 1365 illius
859 1296 1036 1367 tumulum
1049 1299 1307 1383 concordemur,

167 1408 1308 1509 “etcontirmemusfirmum¹pacemamodointernosperpctuam’'

167 1527 219 1599 Et
230 1528 437 1598 confirmato
449 1526 590 1609 foedere,
603 1549 693 1597 unus
705 1528 743 1596 in
753 1527 879 1609 reditu,
893 1536 997 1620 rupte
1012 1552 1107 1621 pace,
1125 1538 1162 1601 et
1179 1530 1308 1603 violato

165 1644 310 1729 findere,
318 1642 446 1715 occidit
461 1642 613 1713 alterum
624 1642 756 1727 fraude,
773 1644 845 1714 imo
858 1644 1095 1736 semetipsum,
1113 1655 1154 1716 ut
1170 1647 1306 1731 dicitur,

325 1875 560 1967 “Quicunque
575 1875 683 1945 alium
700 1875 844 1946 molitur
859 1874 994 1958 ladem,
1011 1878 1163 1969 primum

322 1990 441 2084 Ipsum
457 2014 496 2061 se
506 1991 625 2083 jaculo
640 1991 815 2084 percutiet
829 1988 1017 2084 proprio.''²

172 2230 221 2299 Et
244 2228 376 2311 stetim,
402 2228 497 2298 facto
521 2224 718 2308 homicidio,
744 2232 781 2295 et
803 2227 858 2321 (ut
880 2225 929 2295 sic
953 2224 1080 2316 dicam)
1104 2227 1208 2299 simul
1228 2252 1311 2301 oum

170 2346 330 2439 perjurio,
356 2343 584 2435 semetipsum
612 2341 749 2433 propria
773 2340 895 2412 lancea
918 2342 1106 2435 perforavit
1134 2344 1172 2415 in
1199 2354 1310 2430 utero,

170 2462 271 2556 plaga
282 2462 437 2531 ducente
448 2480 531 2528 eum
543 2457 588 2527 ad
604 2457 795 2540 interitum,
809 2458 942 2528 socium
955 2457 1034 2528 dico
1045 2460 1254 2553 perductum
1265 2462 1311 2533 ad

171 2600 322 2669 perenne
345 2574 532 2669 gaudium„
576 2572 663 2643 Post
687 2573 911 2643 intervallum
939 2576 1115 2666 temporis,
1141 2584 1311 2647 venenmt

173 2695 240 2764 duo
255 2694 393 2775 fratres,
412 2689 548 2783 Lybiau
565 2697 603 2759 et
619 2688 798 2772 Guruann,
812 2697 850 2759 et
867 2690 1014 2759 sororius
1027 2712 1147 2760 eorum
1165 2690 1308 2775 Cinuur,

173 2810 216 2880 de
233 2810 378 2904 regione
402 2805 638 2888 Pennichenn,
661 2805 898 2897 relinquentes
920 2806 1069 2898 patriam
1090 2814 1232 2899 propter
1247 2808 1312 2879 ini-

172 2927 350 3008 micitiam,
369 2932 406 2996 et
424 2947 471 2994 ex
487 2923 555 2994 ulia
570 2932 668 3016 parte
685 2922 854 3016 eligentes
872 2920 1015 2993 ducerc³
1031 2923 1141 2994 vitam
1162 2924 1312 2995 heremi·

172 3042 288 3125 talem,
301 3051 341 3112 et
357 3039 558 3122 solitariam,
571 3038 617 3110 ad
632 3038 748 3108 locum
764 3039 826 3109 ubi
842 3039 995 3132 positum
1008 3047 1062 3110 est
1079 3062 1202 3133 corpus
1217 3041 1314 3112 beati

174 3159 334 3252 martyris
350 3156 503 3227 Clitauci
524 3178 628 3249 super
641 3155 753 3247 ripam
771 3153 922 3250 Myugui
939 3145 976 3224 in
994 3153 1116 3239 Euias3
1142 3165 1179 3226 et
1195 3157 1244 3226 ibi
1261 3156 1313 3226 vi·

175 3281 250 3343 tam
260 3297 360 3344 suam
372 3273 558 3353 duxerunt,
573 3280 610 3342 et
623 3271 805 3342 ecclesiam
813 3271 1041 3355 melioratam,
1056 3272 1198 3344 consilio
1212 3271 1314 3366 Epis·

176 3390 259 3480 copi
273 3387 467 3470 baudana,
484 3395 522 3458 et
538 3387 719 3479 adjutorio,
736 3387 983 3471 lirndavenmt;
1009 3396 1046 3460 et
1060 3388 1141 3460 dato
1154 3389 1219 3460 sibi
1236 3397 1313 3461 toto
1427 3431 1433 3442 ·

175 3501 351 3570 territorio
374 3525 419 3571 ex
445 3509 593 3592 utraque
618 3506 718 3592 parte
743 3497 903 3595 Myngui
930 3499 1067 3595 ache
1085 3499 1312 3586 Morcaunuc,

175 3616 457 3711 Pennbargaune
491 3617 530 3686 in
553 3617 764 3710 sempiterne
787 3617 1056 3700 consecratione,
1082 3627 1119 3687 et
1143 3619 1217 3688 sine
1240 3617 1314 3688 ullo

172 3755 289 3803 censu
307 3733 376 3804 ullo
390 3734 526 3804 homini
542 3741 689 3815 terreno,
707 3742 841 3803 etcum
859 3735 954 3803 omni
972 3733 1215 3802 communione
1232 3733 1315 3804 data

168 3849 423 3934 habitantibus,
440 3860 479 3922 et
494 3850 701 3920 habitaturis
723 3849 936 3920 territorium
953 3848 1116 3930 ecclesie,
1134 3849 1171 3916 in
1191 3870 1316 3941 campo

168 3976 208 4038 et
224 3969 267 4037 in
281 3967 387 4050 silvis,
400 3967 439 4036 in
455 3989 545 4059 equa
556 3974 594 4037 et
609 3966 646 4035 in
662 3965 807 4059 pascuis,
824 3964 931 4034 finem
949 3986 1050 4034 suum
1064 3964 1253 4048 duxerunt;
1278 3971 1317 4034 et

167 4086 241 4155 duo
266 4084 393 4154 fraires
413 4091 545 4153 castam
561 4083 737 4152 duxerunt
754 4082 874 4151 vitam.
926 4078 1085 4150 Sororius
1101 4077 1200 4149 vero⁴
1217 4078 1317 4172 quin-

166 4225 238 4295 que
248 4200 449 4296 procreavit
457 4199 556 4283 lilios,
565 4200 660 4270 unde
669 4221 806 4292 semper
814 4195 1029 4268 territorium
1040 4195 1208 4267 remansit
1218 4196 1318 4289 quin·

165 4319 348 4412 partitum
363 4315 537 4400 fratribus,
554 4324 592 4387 et
609 4337 746 4408 semper
760 4313 909 4408 posteris
926 4319 963 4383 et
980 4311 1233 4408 superstitibus.

200 4638 272 4694 ¹Sic
300 4635 338 4690 0.
362 4635 545 4703 corfimuturi
558 4634 731 4704 fimmndam.
753 4632 791 4688 H.
837 4633 935 4690 ²Idem
952 4633 1085 4692 distichon
1101 4635 1201 4690 citetur
1218 4637 1319 4706 postes.

163 4726 226 4780 Ἐἰ
242 4726 374 4778 duom
390 4722 557 4779 inseruntur.
575 4722 611 4777 0.
645 4723 737 4777 ⁴Vero
753 4719 836 4777 (lecet.
856 4720 894 4778 0.
