3450 5800
402 743 473 816 170
772 760 881 810 uiuus
905 760 1164 814 susurrones.

401 926 493 997 filius
511 925 644 1010 Meilic,
664 927 800 1010 Riouul,
815 927 962 1010 Oonfirn
988 936 1026 997 et
1041 928 1108 998 hoc
1121 929 1254 1000 factum
1266 938 1319 1001 est
1335 932 1373 1001 in
1389 932 1541 1004 ecclesia

401 1041 842 1127 Garthbenn131delaicis,
865 1043 1030 1126 Conblus,
1056 1044 1188 1129 Conon,
1215 1045 1439 1142 Gueithgual,
1463 1048 1542 1121 Gu-

399 1183 515 1243 orcon,
536 1159 721 1230 Guesinut.
776 1160 985 1253 Quicunque
1006 1162 1218 1246 custodierit,
1240 1166 1415 1236 custodiat
1435 1166 1540 1236 illum

400 1273 512 1359 Deus3
539 1279 598 1368 qui
623 1285 742 1346 autem
763 1278 807 1348 ab
829 1276 975 1348 ecclesie
1000 1276 1185 1349 Laudaviae
1210 1282 1429 1373 separaverit,
1454 1305 1540 1354 ans·

400 1392 521 1464 thema
540 1395 594 1464 sit.
645 1392 774 1465 Amen.

834 1659 955 1733 Virus
972 1659 1101 1731 Srusr.

449 1861 639 1934 Sciendum
661 1862 706 1932 sit
729 1861 822 1954 quod
845 1859 941 1930 Elfin
963 1861 1060 1931 dedit
1080 1858 1200 1930 villam
1223 1858 1321 1930 Strat
1342 1859 1452 1931 haner
1473 1885 1538 1955 pro

397 1979 513 2048 anima
529 2001 599 2057 sua,
618 1975 706 2060 Deo,
724 1986 761 2047 et
779 1975 917 2046 Sanctis
934 1976 1112 2059 Dubricio,
1129 1975 1282 2060 Teliauo,
1300 1986 1337 2047 et
1354 1976 1534 2064 Oudoceo,

398 2103 435 2166 et
451 2095 611 2164 omnibus
633 2093 826 2186 pastoribus
843 2093 996 2164 ecclesiae
1014 2093 1209 2176 Laudaviae,
1228 2101 1265 2164 et
1282 2117 1362 2165 cum
1379 2103 1455 2166 tota
1472 2120 1537 2168 sue

398 2211 560 2281 libertate
577 2211 614 2279 in
629 2217 809 2302 perpetuo.

783 2475 905 2549 Virus
923 2475 1156 2547 Gumuouur.

446 2674 570 2748 Ichail²
586 2676 676 2760 Rex,
693 2686 731 2748 et
747 2675 771 2746 J
772 2678 866 2747 udon
884 2676 1120 2747 haereditarius
1136 2676 1228 2747 filius
1245 2677 1380 2761 Ceriau,
1409 2680 1534 2751 immo-

395 2792 571 2865 lovemne
591 2793 711 2865 villum
728 2792 931 2864 Guiunonui
949 2794 1056 2884 juxta
1070 2793 1235 2886 peludem
1253 2792 1417 2878 Mourici
1442 2795 1533 2880 Deo,

396 2920 433 2982 et
455 2909 593 2982 Sanctis
610 2910 787 2994 Dubricio,
809 2910 962 2993 Teliauo‚
985 2919 1023 2981 et
1047 2908 1226 2993 Oudoceo,
1252 2920 1290 2981 et
1314 2910 1535 3007 Berthguino

394 3024 577 3120 Episcopo,
596 3035 633 3097 et
649 3029 809 3097 omnibus
826 3028 1076 3097 successoribus
1093 3028 1163 3097 suis
1179 3028 1216 3096 in
1233 3027 1379 3098 ecclesis
1396 3027 1537 3099 Lauda·

394 3142 468 3224 viae,
482 3165 563 3212 cum
575 3166 638 3213 sua
653 3150 730 3213 tota
741 3142 911 3226 libertate,
930 3143 967 3211 in
979 3165 1102 3235 campo
1116 3152 1153 3213 et
1168 3144 1206 3212 in
1222 3142 1325 3227 silvis,
1343 3145 1380 3213 in
1391 3167 1480 3235 uque
1493 3154 1536 3215 et

393 3258 431 3326 in
453 3259 597 3350 pascuis,
621 3259 659 3327 in
680 3268 857 3352 perpetuo.
909 3257 967 3329 De
988 3257 1141 3342 Clericis,
1165 3268 1273 3330 testes
1298 3266 1378 3330 sunt
1402 3258 1536 3331 Berth-

392 3376 518 3468 guinus
544 3374 745 3468 Episcopus,
773 3375 952 3458 Guruodu,
983 3374 1165 3459 Tutnerth,
1200 3374 1346 3459 Eetelic,
1375 3374 1536 3461 Canduu,

392 3488 560 3575 Judonei;
590 3492 635 3561 de
659 3492 764 3575 laicis,
795 3490 903 3562 Ithail
929 3491 1017 3574 Rex,
1045 3491 1174 3575 Judon,
1201 3501 1238 3563 et
1263 3494 1388 3564 caeteri.
1444 3492 1537 3578 Qui-

392 3629 530 3700 cunque
554 3608 756 3695 custodierit
779 3608 984 3679 benedictus
1009 3609 1063 3691 sit,
1094 3610 1154 3701 qui
1184 3607 1282 3679 vero⁴
1311 3610 1355 3680 ub
1385 3609 1537 3682 ecclesii

392 3723 578 3797 Laudaviae
603 3727 821 3819 separaverit,
846 3726 1053 3797 maledictus
1077 3727 1133 3797 sit.
1183 3725 1312 3797 Amen.

821 3994 910 4065 Cuu
935 3993 1097 4064 Curuus.

439 4191 546 4264 Ithuil
563 4193 653 4276 Rex,
666 4194 757 4264 filius
771 4193 958 4277 Moroanti,
973 4202 1010 4263 et
1021 4193 1085 4264 filii
1098 4194 1172 4285 ejus
1185 4192 1347 4265 Femuuil
1367 4202 1405 4263 et
1423 4193 1535 4264 Mou-

389 4306 448 4389 ric,
461 4308 729 4379 immolaverunt
742 4317 812 4379 tres
824 4311 943 4380 uncias
955 4312 1028 4403 agri
1041 4309 1135 4402 pleni
1148 4310 1185 4379 in
1203 4309 1318 4379 medio
1335 4309 1429 4379 Cum
1446 4309 1535 4381 Cer-

389 4444 460 4505 mc,
481 4424 518 4493 id
534 4433 597 4507 est,
615 4424 735 4495 villam
751 4447 827 4516 quae
843 4426 912 4496 fluit
928 4424 1057 4509 Guroc,
1075 4424 1164 4509 Deo,
1182 4436 1220 4497 et
1241 4424 1380 4497 Sanctis
1398 4424 1532 4498 Dubri-

435 4709 619 4768 ¹Goethdcnui
638 4712 671 4769 Ο.
707 4712 771 4769 ’Sic
784 4712 944 4772 odouad.
963 4714 1001 4771 H.
1036 4714 1213 4770 ⁸1mmo1aou.
1232 4711 1266 4770 0.
1301 4713 1430 4769 Ἀνίωνι.
1449 4713 1486 4769 0.
