3450 5800
429 735 503 808 224
798 751 907 803 umus
929 750 1188 804 usnnsvnusrs.

428 922 513 997 mail
523 920 695 1015 judicium
710 917 851 989 sufferre
867 941 938 989 non
953 919 1082 1011 potuit3
1106 926 1144 989 et
1164 918 1232 991 alio
1248 920 1353 992 modo
1369 930 1493 995 aurum
1510 946 1565 993 re-

430 1040 550 1123 demit,
566 1035 743 1131 largiendo
760 1034 848 1118 Deo,
866 1043 903 1105 et
921 1031 1058 1106 Sanctis
1074 1033 1252 1120 Dubricio,
1268 1035 1420 1121 Teliauo,
1438 1044 1477 1108 et
1490 1036 1566 1109 Ou-

429 1160 549 1239 docec,
566 1160 603 1226 et
618 1152 656 1222 in
670 1174 777 1222 manu
793 1147 1016 1223 Ciueilliauc¹
1033 1151 1206 1245 Episcopi,
1224 1152 1344 1225 uillam
1359 1152 1445 1225 [i'ref
1456 1176 1567 1247 peren

430 1296 513 1348 cum
534 1292 597 1343 sex
616 1268 742 1340 modiis
763 1276 874 1352 terra,
897 1274 935 1339 et
955 1267 1116 1339 omnibus
1136 1270 1304 1364 episcopis
1321 1266 1507 1341 Luudaviae
1527 1272 1566 1341 in

430 1397 609 1487 perpetuo,
627 1390 664 1456 et
679 1407 761 1455 cum
779 1391 858 1457 tota
873 1406 936 1455 sua
950 1383 1123 1469 libcrtate,
1146 1392 1183 1456 et
1204 1386 1300 1456 omni
1322 1388 1565 1459 communione

430 1508 469 1579 in
484 1526 606 1597 campo
622 1509 660 1574 ct
675 1502 714 1570 in
733 1499 837 1584 silvis,
857 1500 896 1570 in
916 1522 1007 1593 aqua
1026 1508 1065 1572 et
1083 1501 1121 1571 in
1140 1503 1285 1595 pascuis.
1335 1501 1393 1574 De
1410 1501 1564 1587 clericis,

430 1628 539 1695 testes
555 1624 637 1692 sunt
652 1615 845 1689 Ciueiliauc
860 1616 1062 1709 Episcopus,
1076 1616 1222 1712 Gatgsn,
1240 1615 1400 1702 Guadlue
1418 1616 1562 1704 Pescen,

430 1736 592 1833 Anagon,
606 1732 820 1818 Morcunris;
837 1733 882 1805 de
894 1732 1000 1817 luicis,
1013 1731 1214 1805 Brochmail
1225 1733 1314 1819 Rex,
1328 1732 1460 1819 Conon,
1475 1734 1566 1806 Gur·

431 1861 523 1938 cant,
540 1850 739 1945 Oaratguin,
761 1847 860 1919 Nud.
912 1847 1136 1943 Quicunque²
1157 1850 1369 1935 custodierit,
1392 1852 1568 1924 custodiat

430 1972 532 2043 illum
555 1966 667 2051 Deus3
692 1966 753 2058 qui
776 1963 876 2038 vero³
899 1966 944 2037 ab
968 1965 1114 2043 ecclesia
1138 1964 1323 2039 Laudaviae
1346 1968 1566 2060 separaverit,

432 2085 618 2158 anathema
633 2083 688 2153 sit.
738 2079 867 2153 Amen.
919 2079 1016 2153 Finis
1028 2082 1121 2154 illins
1133 2090 1196 2167 est,
1214 2082 1315 2155 Oriu
1326 2082 1442 2155 tunuil
1454 2106 1567 2177 usque

433 2204 479 2275 ad
499 2202 636 2285 fossam,
653 2198 779 2270 deinde
798 2197 845 2269 ad
866 2198 959 2268 viam
981 2222 1057 2291 quae
1077 2200 1174 2271 vadit
1194 2201 1238 2271 de
1261 2198 1414 2271 Merthir
1433 2223 1567 2295 gesem,

433 2326 472 2390 et
488 2318 584 2389 vadit
607 2317 652 2389 ad
667 2314 814 2385 alteram
829 2314 922 2385 viam
939 2337 1015 2406 quae
1039 2315 1137 2387 ducit
1160 2316 1206 2386 ad
1229 2339 1370 2402 carnem
1395 2316 1518 2389 deindo
1544 2340 1569 2390 a

432 2434 488 2505 riu
504 2432 584 2504 celli
604 2432 728 2515 cintur,
748 2431 806 2501 via
828 2429 1046 2502 custodiente
1069 2431 1115 2502 ad
1139 2430 1288 2516 collem‚⁴
1312 2432 1402 2504 valle
1425 2432 1569 2505 cliduan

433 2556 511 2622 tota
524 2546 620 2621 recte
634 2546 751 2641 pergit
765 2568 829 2641 per
843 2546 941 2617 iiiam
956 2567 1067 2639 usque
1083 2546 1130 2618 ad
1140 2548 1233 2619 viam
1249 2568 1326 2641 quae
1338 2548 1436 2619 venit
1451 2572 1474 2620 a
1487 2556 1569 2621 sant

431 2664 526 2737 ilien.
576 2662 673 2736 Finis
690 2662 828 2735 Pereun
846 2661 885 2732 in
905 2658 1162 2747 maritima⁸et
1183 2662 1279 2735 vadit
1300 2688 1323 2735 a
1342 2664 1417 2757 poll
1438 2665 1453 2734 i
1472 2664 1568 2735 caitb

432 2803 543 2874 usque
567 2781 613 2851 ad
632 2778 826 2864 Sabrinam,
848 2785 886 2850 et
905 2777 950 2849 ab
970 2779 1057 2850 urbe
1081 2798 1149 2849 x11.
1168 2768 1372 2875 jugerorum
1392 2782 1568 2875 usquead

433 2898 507 2992 poli
518 2897 618 2971 erbin
632 2896 812 2969 dimidiam
827 2903 964 2990 partem
980 2894 1073 2967 illius
1088 2905 1190 2968 terrae
1205 2896 1260 2982 hit
1275 2896 1337 2969 bet
1352 2896 1426 2970 tres
1436 2921 1569 2993 perenn

434 3015 558 3087 duobis
575 3015 710 3109 jugeris
727 3012 970 3086 dividentibus.

860 3275 1018 3349 Yscurr⁶
1034 3276 1141 3349 Crsr.

482 3476 672 3550 Brocbuail
688 3477 780 3549 filius
797 3477 938 3549 Mouric
959 3500 1022 3571 pro
1038 3474 1156 3548 animi
1171 3475 1242 3562 sud,
1266 3486 1304 3552 et
1324 3477 1442 3551 animi
1462 3483 1573 3573 patris

434 3595 498 3680 sui,
514 3595 666 3667 reddidit
678 3592 822 3667 Ysouit⁶
833 3593 930 3689 Cyst,
948 3616 1029 3664 cum
1041 3594 1152 3665 tribus
1166 3595 1292 3668 modiis
1306 3604 1416 3680 terrae,
1434 3605 1472 3668 et
1489 3619 1572 3668 cum

434 3715 609 3785 coretibus
625 3713 696 3785 suis
710 3713 749 3785 in
765 3712 921 3796 Sabrina,
945 3719 983 3782 et
1003 3711 1041 3781 in
1059 3710 1209 3796 Mouric,
1233 3735 1278 3784 ex
1299 3721 1448 3806 utraque
1468 3721 1570 3807 parte

433 3829 525 3923 ripae,
543 3829 622 3902 Deo
639 3838 677 3901 et
693 3829 799 3902 Petro
813 3828 981 3923 apostolo,
999 3823 1052 3898 et⁷
1069 3825 1207 3899 Sanctis
1223 3827 1400 3915 Dubricio,
1413 3827 1569 3913 uesano,

433 3953 472 4017 et
488 3945 664 4032 Oudocec,
681 3955 719 4018 et
739 3946 777 4017 in
798 3969 906 4018 manu
923 3941 1145 4016 Ciueiliianc¹
1161 3944 1333 4040 Episcopi,
1351 3953 1390 4018 et
1407 3947 1570 4018 omnibus

434 4063 603 4157 episcopis
628 4063 823 4146 Landosia,
849 4071 889 4134 et
914 4085 994 4133 cum
1023 4068 1100 4132 tota
1123 4084 1186 4134 sua
1213 4061 1383 4148 libertate,
1410 4071 1449 4136 et
1471 4063 1569 4134 omni

433 4181 677 4254 communione
693 4182 775 4253 data
784 4180 921 4266 incolis,
939 4188 976 4251 et
996 4178 1202 4252 habitaturis
1216 4187 1344 4252 terram
1364 4179 1471 4265 iliam,
1492 4180 1571 4251 sine

435 4293 514 4379 dne,
529 4320 593 4390 per
607 4305 721 4370 totam
736 4299 915 4393 regionem
932 4295 1065 4368 Guenti
1085 4297 1122 4366 in
1143 4319 1265 4391 campo
1286 4303 1324 4369 et
1345 4297 1383 4369 in
1403 4295 1508 4380 silvis,
1531 4297 1570 4367 in

473 4611 537 4670 ¹Sic
554 4616 770 4687 ottsmciutaoc.
787 4616 827 4673 Η.
860 4617 948 4678 ‘Qut
967 4615 1001 4672 0.
1035 4618 1160 4675 vnctcn.
1178 4619 1213 4676 0.
1246 4618 1375 4676 ⁴Vullcuu.
1393 4617 1427 4674 Ο.
1462 4615 1571 4672 Wart-

437 4701 507 4757 ts'mc.
525 4700 559 4758 Ο.
593 4703 706 4759 θῩοιιὶι.
723 4705 757 4760 Ο.
791 4704 847 4759 ⁷Et
858 4704 941 4761 deest.
959 4704 992 4761 Ο.
