3450 5800
516 824 623 875 mssa
647 822 907 875 nsunnvnusrs.
1234 807 1282 879 43

139 988 311 1073 cihliver}
328 988 491 1061 Merthir
506 990 639 1073 Buccil,
658 990 842 1062 duodecim
859 1013 955 1063 acras
975 1012 1061 1083 quas
1078 989 1282 1063 Willelmus

139 1110 178 1179 de
206 1107 384 1179 Cantelou
415 1107 637 1179 Landavensi
666 1106 820 1178 ecclesiae
848 1104 1024 1190 reddidit,²
1053 1106 1280 1203 Lanngemei

139 1223 410 1319 lancingimlan,
430 1223 640 1307 Cilciuhiun,
659 1222 881 1307 Porthtulon,
898 1222 1077 1308 Pennivei,
1095 1224 1279 1309 Landotei,

138 1339 331 1427 Culalanm³
361 1341 465 1425 Cruc,
493 1340 670 1423 Guerncn,
696 1339 855 1424 Guocob,
887 1337 1111 1423 Nanbaraen,
1138 1340 1279 1425 Gulich,

139 1455 359 1541 Lninelidon
372 1457 620 1553 'liei-bledgur
630 1457 713 1528 mab
725 1458 837 1541 achas
848 1456 1115 1552 Tief-blcdgint,
1126 1458 1281 1530 Henriu-

19 1654 20 1659 η
138 1596 263 1667 ganno,
288 1572 551 1657 Merthirilann,
577 1573 877 1666 Lanmeirpenros,
905 1573 1132 1668 Lnndipallai,
1154 1575 1281 1647 Porth-

19 1768 20 1773 ,
139 1689 1282 1786 isecvinhannmihaggelhiclit‚Trefi1idiouen,Trounur‚villam

19 1810 20 1813 ’
143 1804 395 1877 Ianncinmarc
413 1830 495 1877 cnm
515 1815 616 1900 prato
637 1830 740 1900 super
756 1806 838 1889 Gui,
865 1815 903 1877 et
923 1805 1114 1879 coretibus⁴
1138 1811 1219 1893 suis,
1244 1818 1283 1881 et

143 1930 236 1994 terra
252 1922 341 1995 inira
352 1923 485 1995 Castell
498 1922 628 2007 Guent,
647 1922 1000 2019 Penncelliguenhuc,
1015 1923 1282 1997 Castell-Dinau

19 2104 20 2109 ,
142 2062 221 2109 cum
238 2038 325 2111 silva
337 2048 376 2111 ct
390 2048 492 2135 prato
509 2047 546 2110 et
561 2040 754 2123 maritimis,
768 2063 849 2110 cum
867 2040 1019 2122 decimis,
1037 2038 1281 2126 oblationibus,

19 2244 20 2247 Ἴ
141 2156 335 2250 sepulturis,
350 2157 542 2239 territoriis,
556 2156 707 2250 refugiis,
722 2164 760 2227 et
772 2156 882 2228 libera
893 2158 1139 2229 communione
1151 2180 1281 2229 earum.

142 2272 367 2366 Quaecunque
383 2280 551 2366 praeterea
567 2274 604 2343 in
623 2273 742 2344 futuro
759 2273 903 2367 praefata
917 2270 1080 2344 ecclesia⁶
1098 2274 1282 2369 (largiente

19 2466 20 2477 χ
142 2388 227 2481 Deo)
239 2388 352 2482 justis
368 2390 481 2461 modis
494 2391 623 2483 poterit
639 2390 793 2483 adipisci,
810 2388 931 2481 quieta
947 2390 981 2460 ei
997 2412 1143 2484 semper,
1161 2399 1198 2461 et
1214 2390 1283 2461 illi-

141 2506 216 2577 bata
234 2513 481 2599 permaneant.
532 2504 762 2577 Decemimus
783 2529 866 2600 ergo
886 2513 928 2576 ut
948 2505 1036 2576 nulli
1057 2507 1198 2578 omnino
1219 2506 1282 2577 ho-

19 2638 20 2727 ξ
142 2625 270 2693 minum
284 2622 395 2693 liceat
408 2623 556 2693 eandem
568 2622 751 2693 ecclesiam
764 2620 896 2693 temere
909 2623 1120 2715 perturbare,
1134 2630 1195 2693 aut
1208 2622 1283 2713 ejus

142 2740 372 2833 pommiones
389 2738 534 2821 auferre,
556 2737 613 2809 vel
630 2739 763 2811 ablatas
778 2740 939 2821 retinere,
960 2740 1128 2821 minnere,
1151 2737 1208 2809 vel
1227 2747 1281 2810 te-

142 2856 293 2928 merariis
305 2856 553 2926 vexationibus
570 2854 725 2950 fatigare,
743 2856 805 2927 sed
821 2855 939 2927 omnia
954 2856 997 2939 ei,
1016 2878 1097 2925 cum
1113 2855 1284 2949 parochia

143 2972 271 3056 finibus,
291 2974 433 3066 integra
449 2981 704 3056 conserventur,
722 2980 796 3043 tam
812 2973 884 3043 tuis
900 2995 1006 3064 quam
1019 2970 1233 3056 clericorum,
1246 2979 1285 3044 et

143 3111 331 3184 pauperum
349 3088 470 3159 usibus
485 3087 676 3180 profirtura.
728 3087 839 3182 Siqua
859 3089 967 3182 igitur
981 3089 1210 3181 imposterum
1226 3111 1283 3160 ec·

20 3243 21 3256 ι
143 3205 333 3277 clesiastiea
349 3201 582 3275 saecularisve⁶
597 3201 759 3298 persons⁷
775 3205 866 3276 hanc
883 3213 1008 3275 nostrae
1025 3205 1283 3278 constitutionis

21 3369 22 3372 =
143 3325 302 3416 paginam
323 3322 448 3402 sciens,
470 3328 592 3392 contra
611 3343 689 3392 eam
710 3318 843 3392 temere
864 3322 982 3392 venire
1002 3319 1215 3404 tentaverit,⁸
1231 3344 1284 3393 se·

145 3439 265 3522 cundo,
289 3438 442 3508 tertiove
467 3437 688 3518 commonita,
715 3437 743 3508 si
773 3460 843 3508 nou
869 3435 1103 3508 satisfactione
1132 3460 1284 3532 congrua

148 3551 404 3636 emendaverit,⁹
427 3554 620 3646 potestatis
649 3553 858 3646 honorisque
881 3555 935 3624 sui
960 3554 1132 3648 dignitate
1156 3561 1283 3636 careat,

148 3691 310 3761 reamque
321 3693 356 3740 se
365 3671 486 3740 divino
492 3669 626 3762 judicio
640 3669 819 3742 existere¹⁰
832 3671 877 3741 de
888 3678 1087 3765 perpetrata
1099 3670 1285 3761 iniquitate

147 3795 342 3880 cognoscat,
365 3796 402 3857 et
422 3809 445 3856 a
465 3787 694 3858 sacratissimo
715 3811 868 3882 corpore,
895 3795 932 3858 et
952 3787 1120 3880 sanguine
1141 3785 1221 3868 Dei,
1246 3793 1286 3855 et

22 3959 23 3984 ἶ
146 3901 291 3974 Domini
311 3901 556 3995 Redemptoris
573 3905 681 3974 nostri
698 3902 722 3973 J
724 3927 785 3976 esu
802 3903 933 3975 Christi
950 3903 1064 3973 aliena
1083 3901 1155 3985 fiat,
1177 3910 1284 3994 atque

143 4021 178 4090 in
198 4028 359 4092 extremo
381 4021 544 4090 examine
566 4020 730 4090 districtae
752 4019 878 4091 ultioni
899 4019 1086 4110 subjaceat.
1138 4017 1284 4090 Cunctis

22 4133 24 4226 l
144 4135 251 4210 rero¹¹
268 4137 388 4209 eidem
404 4135 483 4207 loco
492 4136 590 4229 justa
606 4139 830 4222 servantibus,
848 4136 911 4208 fiat
926 4158 997 4228 pax
1014 4134 1159 4206 Domini
1175 4138 1284 4208 nostri

173 4513 314 4571 mittier.
333 4513 368 4570 0.
405 4513 556 4568 ²Traain't.
575 4512 609 4567 0.
644 4513 800 4570 mutuum.
819 4515 852 4570 0.
887 4515 1157 4570 *Deriraturarooe
1168 4511 1285 4568 Wallics

143 4605 218 4671 mal,
236 4601 355 4675 Anglicis
377 4619 469 4657 wear-s.
493 4601 527 4657 E.
562 4601 915 4671 ³Quicunque-prcssotom
935 4602 1073 4657 mom.
1097 4599 1131 4654 Ο.
1166 4596 1230 4655 ⁶Sic
1248 4599 1284 4655 Β.

143 4689 333 4760 tacuerim
353 4689 437 4744 Mss.
475 4687 539 4744 ⁷Sic
555 4687 589 4744 0.
602 4690 720 4742 Persona
737 4688 819 4744 deest.
839 4689 877 4744 Η.
910 4687 976 4744 ⁸Sic
993 4687 1027 4742 Ο.
1047 4688 1227 4754 Temptaverit.
1245 4685 1283 4740 Η.

143 4771 342 4834 ’Ematdmit
354 4775 440 4831 deest.
460 4774 494 4831 Ο.
530 4773 680 4830 ¹⁰Eciatera
691 4774 774 4831 deest.
793 4776 826 4832 0.
862 4775 882 4813 ¹¹
892 4777 997 4830 Acten.
1016 4773 1049 4828 0.

708 4885 733 4936 G
