3450 5800
411 822 484 893 124
783 840 892 891 arnna
915 840 1176 892 nnuurvnuara.

408 1011 585 1104 regionem
608 1007 653 1076 ad
674 1007 819 1077 modum
842 1003 968 1076 nimbi1
989 1006 1213 1078 discurrentis
1234 1030 1297 1101 per
1318 1008 1390 1078 ima
1411 1010 1554 1080 couval-

410 1128 507 1197 lium.
559 1123 783 1215 Quaecunque
803 1132 923 1192 autem
946 1122 1138 1194 animantia
1160 1146 1222 1194 suo
1242 1124 1407 1217 pestifero
1429 1124 1553 1195 afflatu

409 1243 608 1335 attingeret,
626 1248 687 1310 aut
704 1235 814 1309 illico²
826 1239 1071 1322 moriebantur,
1085 1247 1147 1310 aut
1163 1238 1394 1334 aegrotabant³
1406 1243 1444 1312 in
1459 1265 1554 1313 mor·

409 1368 495 1430 tem.
547 1356 664 1449 Siquis
680 1379 762 1426 vero
779 1355 952 1426 medelam
973 1365 1157 1426 conaretur
1176 1356 1341 1426 adhibere
1357 1359 1552 1451 aegrotanti,

411 1499 482 1545 nou
499 1481 637 1545 tantum
653 1473 884 1542 medicamina
900 1495 970 1541 non
986 1471 1162 1543 habebant
1179 1495 1280 1542 suum
1295 1471 1472 1557 effectum,
1490 1475 1553 1545 aed

411 1591 519 1662 etiam
538 1589 773 1659 medicantem
790 1611 870 1657 oum
889 1597 1017 1681 aegroto
1035 1597 1111 1658 atra
1127 1589 1203 1659 lues
1219 1589 1381 1660 trahebat
1397 1591 1442 1660 ad
1461 1592 1554 1660 inte-

410 1710 528 1778 ritum.
588 1704 637 1775 Et
663 1712 742 1798 post
769 1705 979 1774 immensum
1005 1711 1145 1797 tempus
1169 1706 1290 1776 sedata
1315 1715 1369 1776 eat
1393 1708 1553 1776 oratione

411 1823 533 1894 Sancti
555 1821 699 1903 Teliaui,
723 1829 761 1891 et
783 1830 981 1890 sanctorum
1006 1819 1205 1890 Britanniae.
1257 1820 1306 1890 Et
1329 1819 1390 1891 ne⁴
1406 1823 1553 1913 antiqua

410 1937 508 2035 gens⁶
531 1934 673 2010 omnini)
696 1938 937 2030 extirparetur,
961 1939 1057 2007 venit
1081 1938 1198 2008 divina
1216 1959 1286 2007 vox
1311 1939 1356 2008 ad
1380 1937 1553 2009 Sanctum

410 2056 578 2136 Teliaum,
600 2063 641 2123 ut
654 2076 734 2122 oum
749 2055 817 2122 suis
830 2053 974 2135 clericia
989 2061 1026 2122 et
1042 2054 1180 2145 populo,
1199 2055 1266 2124 iret
1279 2053 1552 2148 cornugalliam,

412 2196 487 2264 quae
510 2179 632 2264 postea
653 2177 776 2239 vocata
798 2168 929 2239 Cerniu
951 2167 1074 2252 Rodio,
1097 2178 1135 2239 et
1156 2170 1205 2240 ibi
1228 2170 1362 2240 invenit
1384 2179 1552 2264 nepotem

411 2309 512 2358 suum
526 2284 742 2368 Oudooeum,
760 2287 872 2355 virum
889 2285 1092 2377 praeclarum
1108 2294 1145 2356 et
1161 2294 1393 2368 mansuetum,
1411 2296 1449 2357 et
1465 2288 1554 2356 utri·

411 2426 520 2494 usque
533 2402 619 2496 legia
636 2403 797 2494 peritum,
811 2409 852 2470 ut
867 2399 1064 2471 candelam⁰
1076 2425 1180 2494 super
1192 2402 1450 2473 candelabrum.
1502 2403 1553 2473 Et

410 2515 567 2613 propter⁷
588 2527 726 2610 tempus
746 2541 816 2588 suae
839 2518 1118 2600 conversationis,
1141 2517 1292 2588 Sanctus
1312 2518 1462 2601 Teliaus,
1480 2517 1552 2589 Ar-

411 2636 649 2728 chiepiscopua
670 2633 865 2715 Laudaviae‚
888 2634 1041 2704 ecclesiae
1063 2633 1185 2704 Sancti
1205 2633 1304 2704 Petri
1321 2635 1481 2727 apostoli,
1498 2659 1553 2705 re-

412 2753 476 2823 diit
493 2754 538 2823 ad
554 2751 670 2822 natale
687 2751 809 2833 solum,
827 2774 908 2821 oum
925 2774 987 2820 suo
1005 2758 1133 2842 nepote
1150 2750 1250 2820 illum
1266 2751 1474 2836 comitante3
1492 2753 1553 2844 qui

411 2878 550 2940 tantum
571 2868 679 2939 crevit
699 2868 736 2937 in
755 2868 914 2938 bonitate
934 2874 972 2937 et
992 2867 1146 2949 scientia,
1165 2866 1259 2960 quod
1279 2867 1344 2938 sibi
1363 2866 1553 2962 (electione

411 2985 495 3055 cleri
517 2993 554 3056 et
577 2983 709 3083 populi)
732 2985 887 3054 succedit
912 2986 949 3053 in
970 2984 1206 3077 episcopatum
1233 2983 1472 3055 [landavensis
1496 3009 1553 3055 ec-

411 3099 523 3170 olesiae
540 3101 711 3170 electione
728 3099 813 3170 cleri
829 3098 1038 3192 Mercguini
1056 3108 1093 3170 et
1111 3099 1279 3193 Elgoreti‚
1297 3098 1351 3170 et⁸
1368 3099 1553 3171 Gunuuini

411 3216 577 3307 magistri,
595 3222 632 3283 et
651 3215 757 3284 trium
774 3212 967 3297 Abbatum,
985 3214 1121 3310 Catgen
1137 3215 1290 3286 Abbatia
1313 3215 1431 3298 Ilduti,
1455 3216 1552 3285 Con'-

412 3353 500 3400 oenn
517 3327 668 3400 Abbatis
691 3330 865 3413 Catmaili,
886 3330 1015 3426 Cetnig
1030 3331 1182 3402 Abbatis
1205 3331 1417 3425 Docguinni:
1442 3330 1553 3401 laico-

412 3469 499 3529 rum,
518 3444 625 3539 Regis
642 3444 804 3527 Mourici‚
823 3454 859 3516 et
876 3446 1026 3516 filiorum
1043 3445 1192 3517 Athruis
1209 3457 1246 3518 ot
1263 3448 1419 3529 Idnerth,
1438 3447 1553 3519 Gnid-

411 3586 480 3657 gen
497 3572 533 3632 et
546 3560 680 3643 Cetiau,
695 3560 880 3645 Brocmail,
895 3562 1064 3645 Gendoc,⁹
1076 3562 1297 3646 Louhonerd‚
1311 3563 1551 3658 Catgualatyr,

411 3687 448 3749 et
465 3678 620 3748 omnium
638 3677 840 3771 Principum
857 3680 965 3749 totius
982 3679 1161 3771 parochiae.

461 3793 592 3864 Missus
605 3801 659 3863 est
673 3792 822 3865 Sanctus
835 3793 1022 3866 Oudoceus
1034 3820 1114 3866 cum
1128 3797 1273 3868 Clericis
1290 3798 1361 3868 auis
1377 3799 1552 3891 praediotia

412 3909 584 3992 Merchui‚
603 3917 639 3979 et
658 3910 835 4005 Elguoret,
854 3921 892 3981 et
909 3911 1086 3996 Gunubui‚
1105 3938 1187 3984 cum
1206 3913 1331 4008 legatis
1347 3916 1456 3985 trium
1474 3913 1551 3985 Ab·

411 4028 543 4109 batum,
565 4035 602 4097 et
620 4027 727 4122 Regia
744 4036 780 4099 et
797 4027 1000 4122 Principum
1017 4031 1061 4100 ad
1079 4028 1413 4102 Dorobomenaem¹⁰
1430 4032 1554 4102 civita·

411 4150 495 4225 tem,
519 4145 563 4214 ad
585 4143 727 4215 beatum
744 4144 1067 4239 Archiepiscopum,
1085 4145 1146 4216 ubi
1163 4156 1317 4219 sacratus
1334 4156 1389 4217 est
1406 4146 1554 4241 Episco-

412 4255 499 4348 pus¹¹
518 4257 670 4329 eccleaiae
688 4258 884 4345 Laudaviae,
907 4264 944 4332 in
966 4263 1096 4333 honore
1120 4262 1242 4334 Sancti
1263 4262 1361 4333 Petri
1384 4263 1552 4335 firndatae.

448 4508 511 4563 ¹Sic
527 4506 562 4564 Ο.
581 4513 679 4565 imbria.
704 4511 742 4565 H.
777 4511 870 4569 ’Πίσα
896 4515 977 4571 MSS.
1012 4516 1077 4571 ⁸Sic
1094 4515 1128 4571 Β.
1145 4518 1348 4585 aepmtutuntur.
1372 4514 1454 4570 MSS.
1487 4516 1556 4571 *Ne

413 4594 495 4649 deest.
513 4595 551 4649 H.
569 4596 606 4650 sic
624 4598 657 4651 0.
692 4597 757 4652 tsie
774 4599 808 4653 B.
829 4618 893 4670 pern
910 4601 992 4659 deest.
1018 4602 1097 4658 MSS.
1134 4603 1275 4659 ‘Ocndda
1301 4603 1337 4657 0.
1372 4602 1554 4675 'Forieleg.

409 4687 476 4747 port.
503 4680 537 4735 E.
579 4682 635 4735 flat
657 4682 738 4737 deest.
767 4686 802 4739 O.
848 4687 979 4759 ⁹chdop.
1007 4690 1043 4744 0.
1092 4688 1439 4745 ostentantem.
1467 4688 1553 4745 MSS.

414 4763 432 4802 ¹¹
443 4768 582 4835 Epircopua
599 4767 672 4823 deaut
691 4770 769 4824 MSS.
788 4772 939 4844 suppletur.
958 4775 991 4831 B.
