3450 5800
441 801 490 874 64
815 816 924 867 arnan
951 816 1211 866 nannsvsuns.

441 987 554 1060 nlibus
568 983 725 1056 terminis
741 982 894 1077 agitatur
906 981 1014 1053 finem
1024 982 1207 1074 acciperet,
1212 989 1250 1054 et
1259 989 1371 1075 utque
1380 983 1526 1055 ecclesia
1538 986 1582 1056 <le

442 1111 567 1175 caetero
580 1100 840 1193 conquiesceret
852 1098 1081 1169 festivitatem
1092 1096 1203 1169 beati¹
1217 1098 1333 1182 Lucae,
1351 1096 1437 1193 qua²
1448 1100 1493 1170 ad
1505 1123 1583 1171 nos-

439 1229 531 1290 tram
542 1218 676 1289 venires
688 1216 916 1309 praesentiam,
927 1215 1042 1284 eidem
1053 1212 1227 1308 Episcopo
1238 1215 1582 1308 desrmquerimonia

439 1357 663 1430 responsurus
676 1330 758 1403 tibi⁸
770 1333 959 1402 terminum
973 1332 1226 1401 constituimus.
1256 1330 1580 1403 Praedictusautem

439 1454 548 1525 frater
559 1458 678 1521 noster
689 1447 887 1519 Bernardus
900 1444 1102 1539 Episcopus,
1117 1445 1332 1517 Clericorum
1344 1456 1382 1517 et
1395 1447 1581 1518 Laicorum

438 1566 579 1643 caterva
591 1568 747 1660 stipatus,
758 1564 883 1635 eodem
893 1563 1044 1633 termino
1056 1570 1174 1633 nostro
1187 1586 1224 1634 se
1237 1565 1439 1655 conspectui
1452 1566 1580 1636 obtulit

438 1710 542 1781 agere
557 1689 782 1777 praeparatus;
809 1686 1037 1750 veruntamen
1053 1679 1222 1771 corporali
1239 1680 1444 1773 aegritudine
1460 1681 1580 1752 deten-

439 1812 517 1874 tum
541 1823 613 1872 non
637 1821 737 1892 posse
762 1794 816 1867 te⁴
841 1795 969 1877 venire,
995 1803 1066 1865 tres
1086 1795 1362 1879 sacramentales,
1389 1798 1449 1889 qui
1473 1821 1497 1867 a
1521 1806 1582 1869 tua

437 1928 536 2015 parte
553 1918 691 1988 fuerant
708 1913 869 2007 delegati,
886 1912 991 1981 tactis
1008 1913 1247 1982 sacro-sanctis
1261 1912 1449 2006 evangeliis
1465 1913 1580 1984 firma-

436 2044 572 2109 verunt.
624 2032 662 2102 N
664 2054 702 2102 os
718 2032 825 2125 igitur
835 2029 1017 2119 utriusque
1031 2027 1184 2098 ecclesia
1196 2002 1321 2122 inopiae
1334 2036 1372 2099 et
1389 2027 1581 2101 laboribus⁵

436 2154 668 2248 providentes,
694 2147 876 2241 negotium
899 2145 967 2214 boc
985 2144 1238 2215 venerabilibus
1259 2145 1423 2217 fratribus
1454 2147 1580 2217 nostris

438 2269 500 2339 W.
519 2265 771 2345 cantuariensi,
793 2261 833 2332 Τ.
852 2260 1075 2343 Eboracensi,
1101 2268 1138 2331 et
1155 2258 1204 2329 Η.
1223 2260 1484 2355 Rotomagensi,
1512 2262 1580 2332 Ar.

437 2382 675 2477 cbiepiscopis,
693 2382 729 2449 in
746 2401 853 2473 regno
866 2376 1007 2471 Angliae
1023 2378 1307 2469 pertractandum
1332 2379 1579 2450 commisimus.

436 2501 561 2573 Placet
581 2505 701 2569 autem
720 2495 820 2566 nobis
836 2501 887 2577 ut,
900 2494 930 2565 si
946 2493 1021 2564 fieri
1037 2499 1164 2585 potest,
1177 2494 1270 2564 inter
1285 2501 1323 2564 te
1340 2501 1378 2563 et
1393 2494 1578 2587 praefatum

435 2616 654 2690 Bernardum
665 2611 878 2706 Episcopum
888 2631 1081 2703 percorum
1091 2608 1298 2693 consilium,⁰
1311 2619 1348 2679 et
1359 2609 1580 2682 deliberatio·

365 2766 369 2774 ·
436 2758 528 2817 nem,
549 2754 619 2825 pax
636 2738 673 2801 et
690 2728 874 2799 concordia
889 2726 1106 2797 reformetur.
1159 2725 1395 2818 Praecipiendo
1413 2749 1498 2821 ergo
1515 2729 1579 2799 tibi

436 2851 650 2930 mandamus,
676 2852 717 2916 ut
737 2844 833 2917 omni
853 2844 1034 2914 occasione
1058 2839 1218 2936 sepositi,
1245 2851 1282 2913 et
1306 2842 1436 2935 absque
1460 2843 1579 2936 appel-

436 2970 567 3040 latione
591 2959 752 3058 proximi
777 2958 961 3042 dominici,
988 2957 1058 3052 qui
1082 2958 1220 3053 legitur,
1248 2958 1351 3052 “Ego
1367 2982 1445 3030 sum
1460 2969 1581 3052 pastor

436 3079 625 3165 “bonus’'⁷
675 3100 757 3149 cum
781 3077 891 3147 literis
916 3084 954 3146 et
978 3074 1160 3169 privilegio
1184 3075 1444 3168 predecessoris
1468 3079 1580 3147 nostri

437 3199 576 3294 (foelicis
600 3191 790 3284 memoria)
813 3191 854 3263 P.
877 3190 918 3262 P.
937 3190 1096 3273 Honorii,
1119 3199 1156 3262 et
1173 3191 1250 3263 aliis
1265 3193 1517 3276 instrumentis,
1543 3200 1580 3264 et

435 3313 677 3408 superstitibus
694 3309 853 3391 testibus,
867 3331 953 3400 quos
968 3315 1051 3378 ante
1068 3308 1175 3399 ipsius
1190 3308 1411 3399 presentiam
1426 3310 1580 3402 produx-

435 3431 494 3501 isti
515 3429 647 3500 eisdem
668 3434 706 3496 te
723 3425 888 3496 fratribus
907 3431 1146 3516 repraesentes3
1173 3433 1344 3516 qnatenus
1361 3425 1427 3517 ipsi
1445 3432 1483 3494 et
1501 3433 1579 3495 tuas

435 3555 473 3618 et
488 3545 645 3640 praedicti
662 3542 777 3613 fratris
793 3540 903 3611 nostri
915 3538 1086 3610 Bernardi
1103 3537 1267 3632 Episcopi
1284 3541 1436 3612 rationes
1447 3542 1579 3623 audire,

435 3671 473 3734 ct
497 3661 634 3756 plenius
657 3657 864 3752 intelligere,
891 3663 928 3726 et
953 3656 1046 3748 quod
1070 3654 1306 3749 perceperint⁸
1321 3657 1422 3728 nobis
1439 3657 1581 3728 valeant

434 3779 607 3849 intimare.
659 3774 762 3859 Quod
776 3775 805 3844 si
822 3771 1080 3866 subterfugeris,
1094 3778 1132 3840 et
1144 3780 1181 3842 te
1193 3779 1411 3864 prasentare,
1425 3781 1463 3843 et
1475 3797 1580 3868 agere

435 3891 692 3985 contempseris,
719 3890 913 3962 cavendum
939 3895 1063 3958 estne
1088 3887 1255 3958 damnum
1281 3888 1325 3958 de
1341 3889 1502 3959 absentia
1517 3898 1579 3960 tua

433 4011 611 4090 sustineas,
637 4007 807 4100 illumque
823 4026 1053 4099 possessorem
1069 4010 1107 4073 et
1128 4010 1165 4073 te
1182 4005 1369 4096 petitorem
1387 4007 1579 4076 conserua

433 4147 521 4196 mus.
572 4121 656 4193 Dat.
673 4122 801 4206 Trecis
819 4143 873 4191 x1.
899 4120 964 4192 cal.
983 4117 1214 4191 Decembris.⁹

466 4597 610 4653 moto.
644 4597 782 4667 ²Qua0.
818 4596 997 4652 trasceas
1016 4595 1054 4650 H.
1088 4595 1146 4650 *Te
1162 4595 1314 4668 suppletur.
1333 4595 1367 4651 B.
1402 4597 1576 4652 tiemo.

429 4685 457 4823 ‘A
450 4685 604 4825 Oppetlbirgln
616 4684 649 4740 0.
685 4683 863 4740 ⁷Joh.x.ll.
897 4682 1063 4754 ⁸Forteleg.
1069 4685 1250 4750 praeportat.
1260 4682 1294 4737 B.
1338 4683 1390 4735 ⁹21
1403 4681 1578 4751 Novembris,
