3450 5800
421 812 490 884 138
789 829 898 880 amna
921 827 1180 883 manavimus

418 991 1495 1089 rytidefert,orytdynnntbychanarhytynantadsinistram
1504 1001 1556 1070 di-

417 1135 511 1208 penn
523 1107 637 1204 lubin}
650 1109 773 1192 latron,
787 1134 826 1180 or
837 1109 937 1179 luhin
949 1107 1088 1180 dinant²
1099 1135 1138 1182 ar
1149 1135 1172 1205 y
1183 1111 1247 1205 hyt
1258 1113 1320 1183 bet
1331 1137 1410 1185 mor
1420 1115 1553 1188 hainen

867 1375 977 1446 Lanu
995 1376 1100 1447 Coss.

466 1581 587 1654 Sciant
609 1600 729 1649 omnes
746 1575 933 1646 Christiani
950 1576 1044 1666 quod
1060 1573 1243 1670 Augustus
1265 1576 1344 1648 Rex
1363 1577 1552 1651 Brechein-

416 1701 527 1780 niauc,
546 1705 583 1767 et
603 1695 665 1765 lilii
684 1693 737 1764 sui
753 1691 860 1762 Eliud
877 1700 914 1760 et
930 1690 1127 1776 Riuallaun,
1144 1701 1285 1785 propter
1298 1692 1500 1778 Dominum,
1513 1705 1554 1766 et

415 1815 603 1888 amicitiam
612 1809 793 1890 carnalem,
805 1806 1356 1892 dedenmtOudooeoLannoors,
1367 1809 1552 1905 Episcopo,

416 1943 453 2006 et
470 1934 539 2003 suis
557 1928 717 2001 omnibus
733 1925 984 1996 successoribus
1001 1925 1039 1994 in
1054 1924 1201 1995 ecclesia
1217 1923 1314 1994 Petri
1334 1928 1492 2018 apostoli,
1513 1938 1554 1998 et

416 2050 625 2122 Sanctorum
646 2041 813 2124 Dubricii‚
830 2049 869 2110 et
886 2040 1031 2123 Teliaui,
1049 2041 1093 2110 de
1111 2039 1297 2124 Laudavia,
1318 2051 1355 2112 et
1374 2057 1456 2112 oum
1475 2068 1553 2114 cor·

415 2164 556 2259 pon'bus
580 2160 650 2230 suis
671 2158 715 2227 ad
740 2156 954 2248 sepulturam
976 2179 1074 2227 suam
1096 2157 1131 2225 in
1156 2157 1382 2251 eleemosyna,
1405 2168 1443 2228 et
1468 2183 1552 2230 oum

415 2281 485 2352 suis
505 2276 666 2370 piscibus,
688 2281 725 2343 et
747 2272 921 2342 coretibus
943 2272 1183 2366 anguillarum,
1205 2281 1340 2343 etcum
1355 2283 1432 2345 toto
1449 2279 1552 2347 terri-

413 2395 504 2467 torio
521 2416 592 2474 suo,
606 2387 659 2461 et³
671 2390 708 2459 in
723 2388 867 2458 modum
881 2388 972 2458 dotis
987 2390 1024 2457 in
1040 2397 1223 2482 perpetum
1248 2397 1286 2459 et
1301 2413 1382 2460 oum
1398 2413 1462 2462 sua
1472 2401 1553 2463 tota

413 2512 575 2583 libertate
592 2508 629 2578 in
645 2528 767 2597 campo
780 2513 818 2574 et
833 2505 871 2574 in
886 2504 990 2588 silvis,
1002 2505 1040 2574 in
1056 2528 1146 2596 aqua
1157 2513 1193 2576 et
1210 2505 1247 2574 in
1259 2506 1403 2597 pascuis,
1417 2515 1454 2576 et
1467 2530 1549 2577 cum

413 2651 476 2699 suo
492 2626 636 2718 refugia
654 2630 691 2692 et
707 2622 814 2692 etiam
830 2620 1020 2715 privilegio,
1046 2622 1120 2691 sine
1136 2621 1287 2705 consule,
1312 2622 1387 2693 sine
1403 2645 1551 2715 procon-

413 2745 498 2828 sule,
524 2744 598 2813 sine
623 2738 845 2832 expeditione
869 2736 977 2808 intra⁴
1006 2738 1192 2831 regionem,
1218 2761 1283 2808 nec
1307 2747 1417 2822 extra,
1443 2740 1550 2810 simili

412 2861 528 2934 modo.
578 2856 636 2928 De
652 2855 805 2938 Cleriois,
823 2862 932 2926 testes
950 2863 1041 2937 sunt,
1059 2853 1246 2926 Oudoceus
1264 2853 1466 2949 Episcopus,
1484 2855 1550 2928 Se-

413 2980 478 3049 doc
500 2976 609 3057 testis,
627 2973 799 3055 Conbran,
818 2970 991 3055 Oonooan,
1012 2972 1189 3054 Conueon,
1212 2971 1343 3042 Conlec
1365 2971 1457 3042 filius
1479 2972 1551 3043 Co-

412 3086 1009 3183 lumpbran,⁵conbau‚con10uern‚
1027 3087 1164 3171 Gallam
1181 3086 1306 3181 Atgar,
1324 3087 1549 3181 Guengarth3

412 3210 456 3278 de
466 3207 571 3288 laicis,
581 3201 778 3298 Augustus⁶
789 3203 1049 3273 Rexoumfiliis
1060 3204 1129 3274 suis
1139 3203 1267 3298 Elguid
1278 3212 1315 3275 et
1325 3202 1547 3298 Rigunllaun,

410 3346 492 3393 cum
512 3321 598 3391 aliis.
649 3318 856 3410 Quicunque
874 3320 1085 3404 cristodierit,
1107 3322 1279 3391 custodiat
1303 3319 1400 3391 illum
1420 3318 1551 3390 Domi-

410 3462 490 3523 nus;
517 3437 576 3530 qui
593 3459 675 3507 vero
692 3436 736 3507 ab
757 3434 904 3507 ecclesia
920 3435 1106 3507 Laudariae
1127 3426 1345 3530 separaverit,
1366 3446 1550 3529 separetur

410 3580 432 3627 a
450 3554 622 3626 consortio
643 3553 854 3648 angelorum.
905 3551 1182 3623 Amen—Finis
1203 3554 1296 3623 illius
1316 3561 1379 3635 est,
1406 3551 1439 3623 Ο
1463 3576 1550 3646 aper

408 3672 551 3742 finnaun
568 3670 701 3741 doudeo
726 3669 863 3762 seintyn
888 3668 962 3738 linn
986 3664 1155 3762 syuadon⁷
1177 3692 1216 3739 ar
1239 3669 1293 3738 hit
1316 3692 1357 3762 yr
1372 3691 1484 3763 guuer
1500 3670 1549 3763 dy

407 3788 516 3881 uinyd
537 3787 598 3858 bet
619 3786 703 3857 licat
720 3809 761 3879 yr
775 3785 930 3879 fynnaun
947 3786 992 3878 dy
1008 3808 1102 3879 pann
1118 3784 1220 3855 claud
1237 3782 1492 3878 Lyuarchhon,8
1507 3808 1549 3855 ar

407 3905 472 3998 hyt
492 3903 636 3974 irolaud
656 3904 717 3974 bet
734 3903 865 3995 pandys
882 3925 1018 3996 oynnyn
1034 3900 1139 3995 lyfni⁹
1155 3902 1256 3995 arhyt
1273 3901 1462 3995 dirguairet
1482 3901 1547 3971 bet

407 4042 539 4114 ypenn
558 4019 739 4113 bryneital,
756 4019 801 4089 ad
821 4019 995 4089 sinistram
1010 4018 1121 4088 trusdi
1137 4042 1230 4110 penu
1246 4041 1270 4110 y
1285 4017 1397 4110 brynn
1414 4016 1548 4087 diblain

407 4146 493 4207 nant
505 4136 601 4206 taucl
617 4159 655 4205 ar
666 4136 730 4228 hyt
742 4159 781 4229 yr
793 4144 878 4205 nant
890 4136 953 4205 bet
965 4134 1060 4228 lyfni,
1072 4134 1157 4227 lyfni
1170 4134 1301 4227 ynyhyt
1313 4133 1375 4203 bet
1386 4155 1410 4226 y
1422 4132 1490 4224 lyn
1504 4156 1548 4203 ar

407 4250 750 4345 hyt¹⁰yrlynnbeto
763 4250 1201 4344 aperssfinnaunydoudeo
1213 4250 1313 4332 seint,
1326 4249 1387 4318 ubi
1400 4250 1546 4341 incepit.

441 4603 576 4661 ¹Lultiuu.
598 4606 631 4661 0.
676 4607 801 4663 ²Diouat
821 4606 903 4663 deest.
925 4608 959 4664 Ο.
1002 4608 1057 4662 ³nt
1077 4606 1160 4663 deest.
1181 4606 1215 4662 0.
1259 4606 1322 4661 *sio
1343 4605 1377 4661 0.
1398 4608 1482 4674 inst-o.
1503 4604 1546 4662 H.

404 4691 468 4747 ssia
487 4691 521 4746 Ο.
544 4692 728 4761 Oonlutpbroa.
754 4694 791 4748 H.
826 4694 892 4750 ⁶Sio
913 4695 946 4749 Ο.
966 4698 1082 4765 Ancaei.
1107 4694 1145 4750 H.
1180 4695 1332 4763 ⁷Suyadoa.
1356 4693 1393 4748 0.
1426 4694 1546 4747 ⁸Lr'our-

406 4780 474 4834 then.
492 4779 526 4834 0.
561 4778 669 4849 ”lamia
687 4780 723 4835 0.
760 4780 831 4836 ¹⁰Ar
842 4782 1011 4853 lytdnpleru
1023 4786 1051 4837 et
1062 4781 1191 4836 abundat.
1209 4779 1244 4835 0.
1280 4780 1299 4818 ¹¹
1310 4780 1355 4835 Sic
1367 4779 1403 4835 0.
1414 4797 1483 4847 oper.
1503 4780 1545 4836 Η.
