3450 5800
407 799 478 871 196
776 816 885 867 naun
909 814 1169 870 munlvnusn.

822 1014 932 1087 Laius
949 1015 1131 1089 Huncou.

457 1218 564 1291 Eliud
580 1227 618 1292 et
633 1218 786 1300 Oenone,
804 1224 842 1288 et
858 1215 1051 1299 Guoidcen,
1065 1224 1103 1287 ct
1115 1215 1288 1302 Erdtibui,
1305 1218 1369 1290 filii
1382 1219 1546 1316 Euguem

408 1339 578 1411 dederunt
599 1334 782 1408 ecclesiam
803 1356 886 1404 cum
910 1332 1054 1404 castello
1075 1334 1149 1428 agii
1171 1334 1262 1405 circa
1283 1357 1371 1419 eam,
1397 1338 1548 1410 liberam

407 1458 452 1527 ab
468 1454 563 1527 omni
580 1453 720 1524 servitio
732 1448 855 1533 laicali,
870 1450 975 1521 verbo
988 1456 1026 1520 et
1042 1471 1211 1521 consensu
1222 1449 1409 1523 Brochuail
1423 1452 1544 1550 Regis,

404 1582 443 1645 et
466 1564 699 1642 tradidenmt¹
723 1588 803 1638 eam
827 1566 983 1659 quietam
1007 1565 1052 1636 ab
1077 1568 1173 1636 omni
1186 1564 1380 1652 calumnii,
1399 1568 1487 1655 Deo,
1504 1581 1548 1643 et

405 1687 545 1762 Sanctis
556 1683 734 1767 Dubricio,
747 1681 901 1767 Teliauo,
914 1690 953 1753 et
965 1680 1141 1766 Oudoceo,
1155 1691 1193 1753 et
1208 1683 1246 1752 in
1261 1706 1368 1755 manu
1379 1684 1545 1760 'll-ichuni

405 1803 579 1901 Episcopi,
593 1808 631 1873 et
647 1799 806 1871 omnibus
822 1798 992 1892 episcopis
1001 1797 1194 1870 Laudaviae
1210 1800 1248 1870 in
1263 1809 1442 1894 perpetuo.
1493 1803 1546 1876 Et

403 1921 593 1993 llichanus
607 1916 808 2010 Episcopus
821 1914 1039 2009 congregatis
1049 1915 1162 1986 tn'bus
1174 1916 1367 2000 abbatibus,
1381 1926 1420 1989 et
1435 1927 1547 1991 attes-

402 2038 560 2108 tantibus
575 2035 613 2103 in
634 2053 754 2114 unum,
777 2038 815 2102 et
837 2031 998 2102 omnibus
1020 2030 1153 2101 clericis
1174 2032 1283 2103 totius
1304 2034 1476 2126 parochiae
1498 2037 1546 2108 ab

405 2148 671 2241 ostio²Ta1atyr
694 2168 798 2239 super
820 2148 933 2239 ripam
950 2145 1041 2241 Guy,
1066 2148 1245 2239 usquead
1269 2146 1414 2219 ostium²
1435 2150 1543 2244 'l'yui3

403 2278 441 2341 et
457 2290 574 2339 coram
585 2263 754 2346 omnibus,
772 2284 876 2355 super
887 2269 1036 2355 quatuor
1047 2263 1227 2357 evangelia
1242 2264 1380 2336 firmata
1390 2265 1546 2337 eleemo-

402 2407 496 2479 syna,
508 2382 690 2455 benedixit
706 2380 739 2451 ei
755 2379 859 2450 simul
876 2401 956 2450 cum
973 2378 1105 2463 sobole3
1131 2387 1169 2450 et
1178 2380 1305 2472 junctu
1320 2383 1353 2452 ci
1369 2382 1545 2475 poenitcn-

401 2503 455 2571 tia
469 2501 513 2571 de
530 2499 625 2570 omni
649 2497 801 2568 facinore
821 2495 1021 2566 absolutum
1041 2518 1122 2566 eum
1143 2517 1166 2565 a
1184 2506 1407 2589 peccatorum
1427 2498 1541 2569 sorde.

399 2617 458 2688 De
475 2614 627 2698 Clericis,
644 2620 752 2684 testes
767 2619 850 2683 sunt
865 2610 1072 2682 Trichanus⁸
1089 2610 1290 2707 Episcopus,
1309 2612 1443 2708 Sulgen
1463 2612 1544 2685 Ab·

400 2734 462 2805 bas
475 2727 642 2803 Carunni‘
653 2729 762 2812 vallis,
776 2728 907 2800 Satum
919 2726 1042 2800 Abbas
1058 2726 1232 2811 Docunni,
1247 2728 1451 2801 Guorhauul
1462 2729 1544 2801 Ab·

399 2850 462 2923 bas
486 2848 612 2932 Ilduti;
645 2846 690 2918 de
714 2845 820 2931 laicis,
845 2843 1034 2916 Brochuail
1063 2842 1152 2929 Rex,
1182 2843 1311 2929 Deuui,
1341 2844 1545 2930 Trahearn⁵

401 2966 543 3038 Confur.
593 2963 644 3035 Et
668 2963 813 3034 circuito
834 2962 906 3046 illa,
928 2961 1159 3033 antecedente
1183 2971 1303 3033 sancta
1327 2985 1431 3034 cruce
1456 2985 1543 3034 cum

399 3081 566 3175 cymbalis
595 3079 805 3162 sonantibus,
835 3085 874 3148 et
902 3079 1082 3173 aspergine
1106 3101 1204 3171 aquae
1227 3079 1430 3163 benedictae‚
1456 3103 1545 3150 cnm

398 3196 503 3268 sacris
527 3195 723 3290 evangeliis,
748 3195 974 3287 praesentibus
998 3219 1061 3288 per
1087 3202 1205 3265 totum
1233 3196 1421 3266 confinium
1444 3195 1545 3266 dixit

400 3312 601 3405 Episcopus,
630 3310 870 3402 “Quicmque
886 3311 1098 3394 custodierit,
1116 3311 1290 3382 custodiat
1305 3312 1405 3383 illum
1421 3309 1546 3397 Deus;

398 3429 489 3521 “qui
514 3434 634 3497 autem
657 3426 703 3496 ab
720 3426 867 3498 ecclesia
892 3427 1078 3499 Laudaviae
1103 3429 1324 3519 separaverit,
1349 3427 1546 3500 anathema

401 3553 421 3585 ‘⁴
430 3543 486 3614 sit.
537 3538 702 3614 Amen.''⁰

712 3835 933 3908 (annosus
955 3837 1220 3913 nmsconus)

444 4007 600 4104 Eluogus
613 4009 805 4105 Episcopus
816 4014 973 4106 sequitur
984 4013 1194 4085 Trichanum
1206 4012 1424 4106 Episcopum
1446 4023 1544 4086 tem-

396 4148 480 4218 pore
493 4123 656 4210 Mourici
673 4126 746 4212 Ris,
768 4127 940 4214 Ferunuil,
962 4129 1074 4215 Rotri,
1095 4131 1246 4203 filiorum
1267 4128 1377 4224 Regis
1395 4129 1546 4203 Gleuis-

398 4265 480 4336 sicg.

433 4662 497 4717 ¹Sic
507 4661 541 4717 0.
554 4665 671 4719 tradidit.
684 4665 722 4720 H.
757 4665 822 4723 ²Sic
831 4668 865 4722 0.
877 4669 958 4722 hostio
967 4668 1123 4724 ettotam.
1136 4669 1174 4724 H.
1208 4669 1317 4728 ³Sic0.
1328 4673 1487 4732 Tectam.
1501 4675 1552 4734 H.

396 4749 539 4805 *Cerbani
557 4749 590 4806 0.
624 4752 801 4810 Wmtame.
819 4754 854 4811 0.
888 4753 953 4810 ⁰Sic
965 4755 1000 4812 0.
1011 4758 1097 4815 Amen
1108 4756 1191 4815 deest.
1209 4757 1247 4814 Η.
