3450 5800
539 806 648 859 nmnn
672 807 932 860 nnunnvnusrs.
1259 793 1307 867 47

165 978 330 1050 Wnllinrn
339 977 555 1059 constitutis,
567 947 1059 1047 salutemetbenedictionem.
1098 974 1160 1051 Ad
1170 979 1307 1053 Lenda-

20 1074 21 1079 ἵ
162 1119 301 1168 vensem
318 1093 531 1176 Ecclesiam,
549 1115 594 1163 ex
612 1092 730 1163 debito
747 1101 873 1164 nostrae
890 1092 1073 1188 legationis
1089 1096 1305 1182 accedentes,

20 1202 21 1281 l
161 1211 210 1284 et¹
232 1217 446 1306 paupertate
468 1232 675 1304 oppressam,
701 1216 739 1279 et
758 1209 858 1279 bonis
879 1210 949 1279 suis
974 1232 1015 1279 oc
1035 1213 1306 1302 possessionibus

161 1328 376 1423 expoliatam
388 1328 597 1397 invenimus.
636 1324 880 1397 Veruntamen
892 1326 1098 1397 venerabilis
1110 1326 1218 1399 frater
1229 1353 1307 1402 nos-

160 1444 409 1526 terUrbcnus,
429 1443 586 1535 ejusdem
608 1440 676 1512 loci
698 1440 901 1534 Episcopus,
918 1442 1101 1514 ecclesium
1122 1445 1233 1537 ipsam
1252 1471 1307 1519 re-

163 1562 323 1633 edificare
345 1584 369 1630 s
390 1558 627 1629 firndementis
649 1559 796 1650 incepit:
823 1559 919 1651 quod
937 1560 1013 1630 sine
1029 1559 1305 1655 elemosynarum

166 1685 359 1747 vestrorum
369 1674 510 1746 auxiliis
521 1697 591 1746 non
607 1675 737 1767 poterit
749 1697 999 1745 consummare.
1050 1674 1308 1770 Rogemusito-

168 1817 239 1887 que
256 1793 517 1864 universitatem
537 1800 698 1874 vestram,
720 1799 757 1862 et
777 1791 1015 1862 remissionem
1036 1792 1136 1864 vobis
1156 1795 1307 1891 injungi-

168 1932 248 1980 mns
265 1916 497 2002 peccatorum,
517 1916 558 1977 ut
576 1908 692 1977 locum
713 1908 828 2001 ipsum
847 1907 1025 1978 beneficiis
1041 1909 1165 1981 vestris
1181 1914 1218 1981 et
1235 1912 1306 1985 ele-

167 2027 316 2121 mosynis
325 2020 469 2117 juvare²
480 2032 518 2094 et
530 2032 723 2095 sustentare
736 2024 859 2095 velitis.
909 2023 987 2095 Nos
999 2047 1138 2117 quoque
1150 2026 1188 2097 in
1200 2028 1306 2101 bene-

164 2144 280 2214 ficium
303 2164 376 2225 vos,
401 2149 439 2212 et
461 2141 633 2213 orationes
655 2142 777 2212 matris
800 2148 925 2211 nostrae
948 2141 1117 2212 Romane
1139 2144 1304 2230 ecclesiae,

20 2304 21 2307 =
163 2260 385 2353 suscipimus;
411 2258 675 2352 indulgentiam,
690 2253 811 2350 quom⁸
824 2256 1091 2329 Contuorienses
1102 2256 1304 2354 Archiepis-

20 2458 21 2477 ᾖ
162 2377 236 2470 copi
258 2376 434 2458 fecerunt,
454 2375 643 2467 apostolica
662 2374 871 2445 auctoritate
892 2374 1080 2446 firmantes.
1131 2374 1306 2451 Praeteren

163 2492 203 2562 de
214 2490 436 2563 abundantia
452 2488 751 2582 sedisapostolicae
768 2509 846 2560 m.
859 2490 958 2560 vobis
974 2490 1047 2561 dies
1064 2491 1109 2561 de
1122 2502 1236 2565 vestre
1251 2519 1304 2567 re-

162 2610 336 2678 mittimus
353 2607 571 2700 poenitentia.
623 2606 838 2679 Obedientes
851 2628 912 2678 vos
923 2606 1066 2678 monitis
1079 2610 1213 2693 nostris,
1226 2634 1304 2705 grn-

163 2724 209 2796 tia
223 2724 347 2795 divina
364 2723 546 2794 custodiet.

188 2988 430 3061 Sunuourmo
450 2987 649 3060 Wrcnunm
667 2990 963 3063 Crurummusrs
980 2991 1276 3065 Ancnlmrscorn

209 3190 446 3262 Wmnnmus
458 3189 717 3262 Ocntumiensis
729 3189 1031 3288 Archiepiscopus‚
1049 3191 1194 3266 Urbano
1213 3194 1305 3267 Lan·

164 3307 300 3379 durensi
319 3305 507 3398 Episcopo,
524 3307 683 3378 sulutem.
735 3307 863 3380 Literis
875 3310 951 3380 istis
967 3311 1032 3381 tibi
1049 3319 1172 3381 notum
1188 3311 1302 3384 facere

165 3423 331 3504 uolumus,
349 3421 444 3514 quod
464 3421 489 3492 J
490 3422 643 3494 ohannes
660 3422 813 3496 ecclesiae
831 3425 999 3498 Romauae
1015 3428 1203 3521 praesbyter
1219 3428 1303 3499 Oar-

169 3537 288 3608 dimlis
315 3545 422 3630 atque
453 3536 617 3632 laegatus,
644 3538 748 3633 legis⁴
773 3541 989 3614 ordinatione
1014 3541 1091 3615 sus⁶
1116 3553 1302 3637 nostraque

169 3651 407 3738 conniventis,⁶
428 3655 615 3726 concilium
640 3656 815 3728 celebrare
840 3659 1018 3752 disposuit,
1041 3658 1243 3742 Lundoniae,
1264 3661 1302 3730 in

167 3770 350 3840 nativitate
363 3771 475 3842 beetae
492 3794 629 3865 semper
641 3773 782 3867 virginis
796 3773 929 3846 Moriae.
981 3772 1172 3868 Propterea
1183 3777 1303 3867 praeci-

20 3893 22 3942 ἓ
163 3887 288 3978 pimus,
306 3889 396 3957 utin
411 3888 558 3982 praefato
574 3891 734 3974 termino,
747 3891 785 3961 in
797 3892 922 3963 eodem
939 3890 1016 3962 loco
1028 3891 1128 3962 nobis
1144 3914 1302 3963 eccm-ras

161 4023 241 4072 curn
257 4001 540 4076 Archidiaconis⁷
558 4002 610 4076 et⁸
625 4005 837 4092 Abbatibus,
861 4015 899 4078 et
915 4006 1103 4090 Prioribus,
1126 4013 1196 4077 tuoe
1216 4008 1301 4078 dioe-

160 4121 275 4202 cesios,
299 4119 346 4189 ad
364 4119 601 4192 definiendum
624 4146 727 4216 super
748 4124 898 4218 negotiis
920 4124 1171 4206 ecclesiasticis,
1195 4133 1232 4194 et
1255 4126 1300 4195 ad

159 4233 418 4306 informandum
434 4259 496 4306 seu
513 4238 754 4332 corrigendum
771 4262 848 4333 quae
865 4240 1091 4323 informanda,
1105 4240 1162 4312 vel
1175 4241 1300 4312 docen-

160 4350 212 4435 dn,
227 4373 290 4422 seu
306 4351 512 4446 corrigenda
528 4352 685 4426 docuerit
702 4357 876 4427 sententie
892 4358 1148 4430 convocationis
1163 4365 1299 4431 nostrae.

192 4585 343 4646 ¹Ettlcest.
360 4588 396 4644 Ο.
431 4588 560 4648 ’Vitare
578 4593 612 4649 0.
647 4594 754 4662 leuem
769 4594 852 4650 deest.
870 4594 951 4650 MSS.
969 4595 1121 4667 suppletur.
1140 4593 1173 4650 B.
1207 4595 1301 4664 *layo

159 4671 240 4728 dees.
262 4673 298 4730 O.
336 4675 414 4728 *fluo
431 4674 514 4732 deest.
533 4677 614 4748 MSS.
632 4679 784 4752 suppletur.
803 4680 836 4738 B.
875 4683 1090 4738 tconoenientia.
1109 4681 1143 4736 0.
1184 4681 1250 4736 ‘Sic
1267 4681 1300 4736 0.

159 4761 403 4818 Arctidiacomtue.
422 4761 460 4816 Η.
495 4763 551 4820 'st
563 4764 645 4822 deest.
663 4765 697 4822 Ο.
