3450 5800
536 834 642 884 mann
667 834 924 885 nsunsvnusrs.
1248 816 1296 892 37

149 999 301 1083 Badlon,
323 1000 486 1071 Roberto
503 1000 547 1071 de
563 1000 708 1083 Gaudos,
728 999 877 1071 Ricardo
895 1002 967 1073 filio
984 1000 1115 1084 Puntii,
1138 1002 1295 1075 Roberto

148 1116 219 1187 filio
238 1115 407 1199 Martini,
426 1116 583 1187 Roberto
599 1116 671 1187 filio
688 1116 826 1211 Rogeri,
845 1117 1015 1188 Mauritio
1031 1116 1103 1188 filio
1121 1117 1295 1191 Willelmi

148 1232 193 1301 de
206 1231 391 1315 Lundriis,
409 1240 447 1302 et
464 1234 596 1303 cacteris
612 1256 675 1327 per
692 1232 954 1305 Landavensem
967 1233 1216 1327 Episcopatum
1232 1259 1294 1305 no-

148 1348 292 1431 bilibus,
313 1348 467 1419 salutem
484 1356 521 1419 et
537 1348 760 1441 apostolicam
776 1350 1064 1421 benedictionem.
1116 1348 1225 1422 Fama
1240 1374 1294 1421 re-

149 1464 300 1549 ferente,
325 1466 560 1557 comperimus
580 1466 672 1559 quod
694 1474 842 1537 matrem
859 1475 1011 1538 vestram
1030 1465 1292 1537 Landavensem

150 1580 349 1664 ecclesiam,
364 1590 486 1653 contra
497 1582 672 1665 honorem,
686 1590 723 1653 et
735 1582 884 1654 salutem
896 1584 1089 1654 animarum
1102 1589 1292 1653 vestramm

152 1720 245 1769 ausu
266 1699 451 1769 temerario
469 1698 652 1791 expoliare,
671 1706 707 1769 et
724 1720 802 1769 eom
823 1698 1043 1780 adnichilare,
1064 1699 1290 1791 praesumitur.

155 1810 269 1885 Unde
284 1823 430 1907 paterno
442 1812 570 1885 affectu
586 1816 836 1907 compatientes
853 1812 1066 1887 adversitati¹
1081 1822 1202 1885 restrae
1214 1811 1293 1907 per²

156 1932 342 2020 praesentia
351 1932 481 2023 scripta
492 1931 704 2015 mandamus,
718 1939 824 2023 etque
840 1932 1056 2024 praecipimus
1071 1939 1112 1999 ut
1129 1930 1292 2023 quicquid

154 2045 192 2115 in
209 2048 320 2129 terris,
338 2046 492 2129 decimis,
511 2047 750 2131 oblationibus,
769 2048 963 2140 sepulturis,
980 2055 1018 2119 et
1034 2048 1166 2118 caeteris
1181 2047 1290 2129 bonis,

153 2162 269 2233 eidem
283 2162 450 2245 ecclesiae,
468 2172 529 2233 aut
545 2163 621 2235 aliis
638 2164 682 2234 de
695 2165 801 2257 ipsius
817 2164 980 2258 parochia
996 2163 1149 2235 ecclesiis
1165 2161 1292 2255 injuste

152 2276 292 2361 tulistis,
311 2286 350 2348 et
368 2279 542 2362 detinetis,
560 2280 688 2372 absque
705 2303 802 2351 mora
821 2281 1021 2352 restituatis.
1071 2278 1111 2349 Si
1128 2281 1222 2349 enim
1237 2303 1292 2350 re·

151 2392 394 2485 prehendendi
421 2403 503 2464 sunt
531 2395 593 2465 filii
620 2397 679 2489 qui
705 2405 854 2467 matrem
875 2395 1048 2467 carnalem
1073 2394 1289 2477 inhonorant,

152 2518 186 2579 et
202 2510 237 2579 ei
255 2510 424 2601 injuriam
443 2510 610 2594 inferunt;
635 2512 747 2582 multo
763 2514 874 2606 magis
890 2508 967 2604 qui³
983 2512 1197 2605 spiritualem
1216 2536 1291 2583 mo-

153 2623 290 2707 lestant,
316 2634 357 2695 et
378 2626 471 2697 bona
491 2626 565 2718 ejus
587 2628 756 2698 violenter
777 2629 967 2721 deripiunt3
993 2637 1030 2699 et
1053 2628 1146 2719 qnod
1165 2627 1291 2720 flagiti-

154 2763 248 2809 osum
272 2748 341 2823 est,
369 2736 424 2811 et⁴
449 2740 643 2814 Christiano
668 2746 808 2815 nomine
833 2745 1023 2825 inimicum,
1046 2744 1224 2813 venientes
1245 2745 1290 2814 ad

154 2866 355 2928 sanctorum
376 2857 505 2942 limina,
531 2867 568 2931 ct
585 2860 805 2932 ecclesiarum
823 2861 1067 2942 dedicationes,
1094 2860 1290 2952 depraedari,

156 2973 315 3068 affligere,
327 2975 552 3046 etdieetiom
563 2977 782 3048 mercationis
794 2978 1008 3049 venientium
1021 2985 1058 3048 et
1069 2978 1290 3048 redeuntium

156 3089 242 3160 bona
258 3090 410 3174 auferre,
432 3100 470 3161 et
486 3093 651 3183 quosdam
667 3093 871 3178 interficere,
890 3094 988 3164 ferali
1003 3117 1110 3176 more,
1128 3117 1198 3165 non
1214 3117 1291 3164 eru-

156 3205 328 3278 bescetis⁵
380 3206 435 3278 Ea
451 3217 592 3302 propter
602 3210 700 3280 vobis
716 3211 943 3303 praecipimus,
960 3219 1131 3304 qnatenus
1146 3235 1168 3282 a
1183 3213 1290 3282 tantis

157 3321 294 3416 flagitiis
310 3325 522 3395 omnimodis
540 3325 720 3408 desistatis,
738 3333 775 3396 et
791 3328 971 3419 praeceptis
984 3327 1206 3400 venerabilis⁰
1223 3327 1290 3398 frc-

22 3487 23 3522 ,
160 3439 220 3507 tris
239 3441 349 3510 nostri
373 3438 509 3510 Urbani
533 3439 695 3534 Episcopi
720 3441 899 3514 humiliter
922 3445 1080 3536 pareatis.
1131 3445 1236 3529 Quod
1260 3446 1289 3514 si

22 3643 23 3652 ἵ
164 3562 415 3648 contemptores
431 3557 627 3640 extiteritis,
645 3560 846 3630 canonicam
864 3579 968 3651 quam
990 3562 1064 3653 ipse
1080 3562 1117 3630 in
1133 3583 1194 3631 vos
1212 3584 1290 3653 pro-

164 3669 330 3763 mulgabit
350 3674 559 3744 sententiam
583 3677 737 3768 (auctore
755 3673 1154 3765 Deo)confir1nabimua
1205 3675 1287 3746 Dat

22 3881 23 3886 Ν
163 3783 553 3860 Lat.x1u.cal.Maii.⁷

206 4015 403 4090 Houonlus
420 4019 621 4115 Episcopus,
639 4044 756 4094 servus
768 4047 945 4096 servorum
958 4022 1036 4106 Dei,
1050 4023 1186 4094 dilectis
1198 4021 1286 4106 filiis,

157 4131 260 4206 Clero
271 4143 308 4205 et
321 4133 458 4230 Populo
472 4136 698 4223 Laudavemi,
716 4139 874 4224 salutem,
891 4149 928 4212 et
944 4140 1168 4234 apostolicam
1183 4140 1289 4209 bene-

23 4327 24 4344 :
156 4248 352 4322 dictionem.
406 4251 619 4325 Venientem
644 4255 688 4326 ad
716 4257 912 4348 apostolicae
938 4257 1029 4328 sedis
1055 4256 1285 4339 clementiam,

191 4606 257 4662 ¹sie
274 4607 307 4663 o.
329 4610 512 4666 uumerus
534 4611 572 4666 u.
611 4613 686 4668 'Per
703 4612 784 4667 sem.
809 4613 842 4668 0.
878 4614 981 4682 rocoa.
1006 4615 1039 4670 0.
1073 4616 1132 4670 *rc
1149 4615 1230 4669 atet.
1254 4614 1288 4669 0.

158 4691 261 4748 ⁵Forte
277 4694 328 4767 leg.
345 4697 505 4750 mtemitis.
524 4696 557 4752 Β.
596 4699 822 4754 thurmodum.
841 4699 875 4754 Ο.
914 4701 971 4754 ⁷19
988 4699 1098 4773 Aprilis,
1116 4701 1150 4756 A.
1157 4701 1192 4756 D.
1211 4704 1288 4755 1128.

160 4779 206 4830 Cot
217 4779 289 4834 deest
300 4781 391 4850 MSS,
409 4781 455 4836 sed
467 4781 609 4854 suppletur
620 4803 656 4839 ex
667 4785 799 4856 prionirns
810 4785 901 4842 bullis.
918 4785 951 4841 B.
