3450 5800
430 794 501 863 112
802 814 909 864 mann
933 813 1191 864 nannnvansrs.

427 981 538 1051 clesiae
565 978 685 1048 Sancti
712 975 854 1058 Teliaui‚
883 1000 964 1046 cum
991 975 1161 1047 mercato¹
1187 986 1225 1048 et
1247 987 1389 1050 moneta
1410 981 1448 1050 in
1470 980 1566 1052 Lan·

427 1097 542 1180 davia
568 1118 649 1165 cum
670 1094 901 1187 applicatione
923 1094 1064 1163 navium
1084 1095 1215 1185 ubique
1234 1119 1297 1187 per
1314 1105 1422 1167 terras
1441 1096 1565 1168 Sancti

424 1211 566 1295 Teliaui,
584 1211 693 1282 libera
714 1233 776 1303 pro
799 1210 938 1303 regibus
960 1218 997 1279 et
1018 1210 1187 1292 omnibus,
1211 1212 1276 1281 nisi
1299 1212 1454 1284 ecclesiae
1471 1213 1566 1285 Lan-

425 1331 542 1412 daviae,
571 1337 608 1398 et
636 1327 805 1420 episcopis
833 1327 922 1418 ejus3
952 1326 997 1396 de
1026 1327 1220 1418 opprobrio,
1248 1337 1286 1398 et
1313 1331 1409 1399 omni
1438 1331 1565 1422 injuria

424 1448 517 1540 quod
539 1446 617 1516 Rex
639 1443 856 1514 Morcanhuc
881 1451 919 1512 et
942 1443 996 1512 sui
1020 1442 1178 1513 homines
1203 1441 1365 1514 fecerinr²
1390 1444 1565 1540 Episcopo

425 1562 545 1634 Sancti
562 1559 704 1642 Teliaui,
730 1568 767 1630 et
792 1560 862 1629 suis
886 1559 1093 1640 hominibus,
1119 1560 1213 1630 idem
1240 1560 1318 1630 Rex
1345 1561 1564 1634 Morcanhuc

423 1688 461 1751 et
478 1680 531 1749 sui
546 1678 703 1747 homines
719 1683 854 1746 rectum
880 1674 1009 1745 faciant
1026 1673 1198 1768 Episcopo
1215 1685 1253 1746 et
1268 1677 1338 1747 suis
1354 1678 1563 1764 hominibus,

423 1804 460 1867 et
474 1796 646 1888 judicium
663 1794 839 1886 patiantur
856 1792 894 1860 in
911 1792 1006 1861 curia
1023 1790 1217 1862 Laudaviae.
1269 1791 1394 1864 Omnis
1410 1794 1469 1866 lex
1485 1821 1564 1888 qua

421 1913 527 1983 fuerit
546 1907 676 2004 regali,8
701 1908 813 1978 omnis
834 1908 942 1978 etiam
967 1908 1061 1977 etin
1081 1909 1176 1978 curia
1200 1907 1352 2001 plenarie
1377 1911 1563 2006 episcopali

424 2027 651 2098 Laudavensi.

472 2144 653 2214 Statutum
670 2150 724 2211 est
741 2142 834 2211 enim
856 2139 1047 2233 apostolici
1069 2143 1276 2213 auctoritate
1292 2145 1391 2214 istius
1408 2144 1563 2217 ecclesia

421 2259 649 2354 privilegium,
663 2266 705 2327 ut
721 2280 801 2326 cum
819 2280 881 2326 sua
893 2258 1063 2351 dignitate
1080 2258 1123 2328 ab
1141 2261 1235 2328 omni
1252 2259 1413 2330 secularis
1430 2263 1563 2332 servitii

420 2377 619 2472 gravamine
631 2375 740 2444 libera
751 2374 787 2444 in
803 2382 1146 2467 posterum'maneat,
1161 2384 1197 2444 et
1210 2377 1338 2467 quieta
1390 2377 1563 2461 Quaecun-

421 2517 489 2585 que
502 2516 591 2574 vero,
606 2492 824 2561 concessione
834 2491 1048 2583 pontificum,
1060 2489 1268 2562 liberalitate
1280 2494 1485 2586 principum,
1500 2494 1562 2564 ob-

420 2609 549 2710 latione
570 2607 734 2690 fidelium,
756 2604 812 2678 vel
829 2605 905 2677 aliis
922 2607 1156 2698 justismodis
1173 2605 1305 2678 eidem⁴
1329 2609 1560 2701 pertinebant,

419 2723 469 2797 ei⁶
481 2726 580 2795 firma
592 2725 629 2794 in
643 2732 819 2817 posterum
832 2731 870 2793 et
882 2725 1016 2816 integra
1029 2732 1283 2794 conserventur.
1335 2725 1561 2818 Quaecunque

419 2851 585 2937 praeterea
601 2842 638 2911 in
659 2841 816 2911 futurum
835 2839 1018 2937 (largiente
1036 2838 1128 2929 Deo)
1149 2838 1254 2932 justi,
1272 2849 1378 2934 atque
1395 2841 1561 2914 canonice

418 2962 547 3053 poterit
570 2959 722 3051 adipisci,
744 2959 863 3049 quieta
884 2958 916 3028 ei
938 2979 1083 3049 semper,
1107 2964 1143 3027 et
1166 2955 1300 3027 illibata
1321 2968 1557 3051 permaneant

419 3075 610 3165 Decretum
639 3097 789 3166 namque
814 3081 877 3155 est,
903 3080 943 3142 ut
970 3072 1057 3142 nulli
1082 3069 1224 3143 omnino
1248 3074 1429 3143 hominum
1454 3076 1559 3147 liceat

417 3191 616 3284 praedictam
639 3189 820 3260 ecclesiam
845 3187 978 3259 temere
1003 3190 1214 3281 perturbare,
1240 3200 1302 3260 aut
1327 3191 1401 3282 ejus
1424 3214 1559 3283 posses-

418 3306 531 3377 siones
547 3306 691 3388 auferre,
709 3303 765 3375 vel
782 3303 914 3375 ablatas
931 3306 1089 3387 retinere,
1106 3307 1273 3389 minuere,
1292 3305 1348 3377 vel
1364 3308 1557 3377 temerariis

417 3422 658 3492 vexationibus
683 3420 842 3515 fatigare3
871 3428 908 3491 et
933 3422 1049 3492 omnia
1073 3422 1105 3491 ei
1131 3445 1212 3491 cum
1237 3423 1407 3515 parochiae
1431 3422 1559 3494 finibus

416 3546 671 3609 conserventur.
724 3536 832 3628 Siqua
847 3538 955 3631 igitur
971 3538 1008 3606 in
1029 3537 1186 3607 futurum
1204 3538 1437 3609 ecclesiastica
1453 3563 1559 3610 saecu-

415 3656 539 3726 larisve
560 3677 706 3747 persona
727 3662 848 3723 contra
869 3653 959 3723 hanc
982 3651 1113 3724 temere
1134 3654 1251 3724 venire
1272 3654 1485 3738 tentaverit-‚⁶
1505 3680 1558 3727 se·

416 3774 538 3855 eundo,
564 3772 713 3843 tertiove
735 3771 955 3853 commonita,
981 3772 1104 3841 sinon
1130 3770 1364 3841 satisfactione
1389 3771 1559 3866 congrua⁷

414 3889 659 3971 emendaverit,
677 3888 859 3979 potestatis
880 3886 1088 3978 honorisque
1106 3887 1159 3955 sui
1173 3887 1344 3979 dignitate
1360 3898 1488 3972 careat,
1502 3914 1556 3961 re-

415 4028 540 4098 amque
561 4028 599 4075 se
622 4005 738 4074 divino
755 4003 889 4095 judicio
912 4003 1062 4073 existere
1085 4003 1129 4073 de
1151 4010 1350 4095 perpetrata
1371 4004 1557 4096 iniquitate

416 4129 610 4215 cognoscat,
637 4129 674 4191 et
694 4144 715 4191 a
736 4118 964 4190 sacratissimo
985 4142 1136 4211 corpore,
1162 4141 1203 4187 ac
1224 4119 1390 4212 sanguine
1412 4118 1493 4203 Dei,
1519 4129 1557 4191 et

414 4234 558 4306 Domini
569 4233 829 4328 Redemptoris⁸
839 4236 947 4305 nostri
955 4234 980 4305 J
982 4258 1043 4305 esu
1052 4234 1183 4305 Christi
1196 4232 1390 4317 alienafiat,
1402 4244 1509 4327 atque
1520 4237 1556 4305 in

414 4359 572 4422 extremo
583 4354 743 4422 examine
753 4352 917 4422 districtae
928 4350 1053 4420 ultioni
1063 4351 1249 4443 subjaceat.
1280 4350 1426 4420 Cunctis
1436 4359 1556 4422 autem

449 4691 523 4747 ¹Pro
534 4700 658 4749 wenta.
672 4692 705 4747 E.
735 4692 799 4747 ’Sic
812 4692 845 4747 B.
858 4698 994 4749 Fecerant.
1006 4692 1085 4748 MSS.
1123 4692 1283 4761 mayaco,
1318 4691 1507 4747 *accendam
1521 4694 1555 4747 0.

411 4780 481 4833 ⁵lio.
500 4779 532 4833 0.
569 4780 632 4835 ⁶Sic
651 4779 683 4834 0.
704 4781 883 4847 Temptavcrit.
902 4780 939 4835 fl.
975 4780 1039 4836 ⁷Sic
1057 4778 1090 4835 Ο.
1110 4783 1220 4848 Ooapra.
1240 4780 1277 4835 H.
1311 4781 1500 4834 maranum.
1521 4780 1556 4834 0.
