3450 5800
518 812 627 863 nmnn
650 812 909 865 nsunnvsnms.
1207 794 1280 869 203

28 943 29 1000 ³
152 982 284 1067 susm
296 978 755 1073 nexemparensunnsae
766 978 920 1052 maxims
932 978 1179 1067 habitantibus,
1191 986 1284 1078 quod

28 1159 29 1174 ,
151 1100 274 1173 Gallun
289 1098 386 1170 filius
402 1097 554 1181 Cidrich,
571 1105 688 1167 motus
709 1097 761 1167 irc
782 1106 820 1168 et
842 1097 967 1181 furore,
989 1101 1138 1171 surrexit
1162 1111 1284 1174 contra

28 1285 29 1296 ,
150 1217 325 1288 dominum
336 1213 600 1297 suumeleucto
611 1212 811 1306 suocapite,
824 1211 1129 1299 Houelridelioet,
1148 1216 1283 1312 Regem

152 1332 349 1427 Gleuissicg,
366 1329 480 1401 filium
496 1330 570 1413 Ris,
587 1336 692 1423 rupta
706 1352 769 1401 sua
783 1353 886 1424 pcce;
911 1340 948 1402 et
964 1331 1076 1403 uoluit
1092 1334 1125 1404 ei
1147 1335 1282 1407 auferre

28 1495 29 1498 ,
151 1457 270 1519 terram
293 1448 461 1519 lantiuei
479 1447 515 1516 vi
536 1468 608 1530 sun,
628 1454 667 1518 et
685 1446 900 1518 fortitudine.
952 1446 1002 1518 Et
1018 1449 1137 1521 auditu
1152 1448 1226 1534 lite,
1244 1460 1282 1523 et

152 1564 366 1635 contentione
379 1564 610 1658 interregem,
623 1571 661 1634 et
675 1562 879 1656 principem,
891 1586 954 1656 per
965 1571 1077 1636 totum
1094 1567 1280 1661 regionem,

153 1680 303 1751 hortatus
313 1688 368 1752 est
380 1679 559 1764 (terentis,
571 1678 766 1773 Episcopus
782 1678 978 1763 Landavioe,
996 1703 1055 1752 cos
1071 1685 1281 1768 concordari,

156 1797 243 1868 fecta
260 1820 356 1891 pace
403 1794 454 1867 Et
476 1797 510 1867 ei
530 1795 820 1889 obtemperantes,
841 1795 962 1867 audita
983 1819 1095 1890 prece,
1112 1808 1283 1873 uenerunt
1304 1814 1336 1851 ⁸*

157 1911 201 1983 ¹sd
220 1912 434 1997 landariam,
452 1936 534 1982 cum
554 1935 683 2007 magno
697 1912 821 1995 milite,
838 1920 876 1983 et
892 1935 996 2005 super
1010 1912 1119 1985 altare
1136 1912 1283 1987 Sancto-

158 2051 230 2098 rum
248 2029 412 2113 Dnbricir',
434 2028 580 2113 Telicui,
598 2038 636 2100 et
651 2027 820 2112 Oudocei,
836 2028 1040 2122 antepositis
1059 2030 1164 2102 sceris
1179 2054 1283 2103 cvan-

157 2144 253 2237 geliis,
270 2147 478 2238 juraverunt
498 2167 622 2238 pacem
643 2144 793 2238 amplius
808 2146 883 2216 sine
899 2144 1015 2238 aliqua
1029 2145 1160 2231 fiuude,
1178 2155 1215 2218 et
1230 2150 1283 2219 in-

156 2262 253 2346 sidiis;
275 2263 503 2357 presentibus
516 2261 626 2333 tribus
637 2261 832 2345 abbatibus,
846 2260 977 2333 Elissel
988 2260 1131 2333 Abbete
1148 2262 1280 2349 Gutoci,

155 2378 260 2451 Elised
275 2379 423 2452 Abbate
439 2378 560 2463 llduti,
575 2418 676 2435 --
691 2377 835 2450 Abbate
856 2376 1029 2463 Docunni,
1047 2378 1190 2452 Giuaret
1211 2379 1281 2452 lec-

155 2503 227 2579 tore,
250 2495 454 2591 Guerngen,
481 2496 586 2579 Ruid,
611 2494 715 2578 Fene,
742 2494 891 2579 Pescen3
923 2495 1149 2589 presentibus
1173 2495 1279 2583 laicis,

155 2609 236 2696 Mor,
248 2612 448 2697 Merchitir,
461 2612 486 2683 J
486 2614 627 2696 udcant,
641 2610 833 2683 Embresel.
873 2610 959 2682 Post
970 2611 1044 2683 huec
1057 2612 1137 2683 Rex
1150 2611 1280 2699 Houel,

154 2738 317 2822 ruptasua
328 2752 432 2825 pace;
448 2730 578 2801 inciens
588 2737 777 2822 unumque
787 2727 1015 2799 homicidium
1031 2728 1134 2800 simul
1151 2738 1188 2801 et
1203 2754 1282 2823 per-

150 2843 274 2936 jurium,
289 2846 423 2919 occidit
438 2843 586 2919 (inllun1
597 2868 661 2941 per
672 2846 802 2928 dolum,
816 2852 854 2916 et
867 2846 980 2916 occiso
993 2868 1044 2930 eo,
1058 2848 1282 2941 congregavit

154 2959 333 3058 Episcopus
350 2971 465 3035 totam
480 2963 641 3034 sinodum
658 2962 752 3057 apud
766 2961 990 3046 Landaviem,
1009 2964 1226 3057 congregatis
1244 2965 1281 3034 in

152 3099 247 3149 unum
254 3079 390 3152 clericis
399 3077 691 3173 totiusparochiae,
697 3079 743 3149 ab
752 3075 858 3150 ostio²
866 3076 1027 3172 Tarutyr³
1036 3077 1160 3172 inGuy
1169 3102 1280 3172 usque

156 3193 194 3262 ad
207 3192 349 3266 ostium¹
368 3194 482 3288 tuuis
498 3195 668 3278 omnibus,
686 3203 723 3266 et
742 3217 814 3266 una
828 3218 923 3279 voce,
942 3194 1106 3288 depositis
1123 3195 1282 3268 crucibus

156 3309 196 3377 ad
204 3317 336 3394 tenum,
349 3318 387 3382 et
399 3312 506 3382 uersis
517 3310 694 3405 cymbulis,
707 3310 810 3382 simul
823 3333 905 3381 cum
917 3311 1070 3404 reliquiis
1083 3320 1282 3382 sanctorum

157 3423 269 3497 ablatis
279 3427 388 3512 altari,
400 3435 438 3498 et
450 3427 612 3520 projectis
624 3428 661 3496 in
673 3435 811 3510 terram,
824 3427 1140 3498 excommunicavit
1152 3451 1280 3523 regem,

140 3539 304 3642 ,amemus
323 3544 357 3614 ei
378 3551 493 3614 totam
509 3541 785 3613 Christianorum
802 3545 1093 3628 communionem,
1112 3552 1149 3614 et
1170 3546 1207 3614 in
1224 3567 1280 3613 ea-

156 3653 234 3724 dem
253 3660 606 3730 excommunicatione
626 3660 756 3730 mansit
777 3656 851 3730 fere
866 3682 930 3752 per
944 3682 1075 3742 unnum
1094 3660 1280 3752 integmm.

154 3768 238 3842 Post
250 3773 329 3859 hec,
345 3775 429 3848 Rex
444 3799 515 3847 non
534 3776 708 3847 sustinens
722 3783 858 3846 tantam
875 3773 1280 3858 excommunicationem,

149 3889 276 3962 meritis
290 3892 363 3963 suis
378 3891 609 3986 exigentibus,
623 3892 782 3984 quaesivit
793 3891 930 3962 veniam
947 3892 1039 3984 apud
1056 3888 1280 3973 Laudaviem,

148 4007 243 4079 nudis
256 4009 416 4102 pedibus,
434 4031 515 4079 cum
531 4007 649 4080 effirsis
670 4007 864 4101 lachrymis,
882 4015 919 4078 et
936 4007 1017 4077 data
1033 4006 1135 4076 uenia
1150 4007 1184 4076 ei
1200 4027 1281 4074 cum

142 4122 258 4212 juncta
271 4127 484 4219 poenitentia
499 4125 648 4220 publica,
661 4124 839 4195 homicidii
855 4121 1009 4193 simulet
1024 4118 1188 4216 perjurii,⁵
1200 4144 1282 4192 con-

146 4239 215 4312 silio
229 4241 402 4336 patruelis
417 4243 471 4313 sui
488 4240 652 4326 Mourici,
671 4237 894 4335 promittens⁶
911 4239 1189 4311 emendationem
1206 4246 1280 4308 tam

146 4357 261 4430 animas
278 4381 388 4453 quum
404 4359 555 4452 corporis
577 4355 733 4450 amplius,
755 4357 794 4427 in
811 4356 956 4449 jejunio,
979 4353 1033 4428 et⁷
1055 4354 1219 4439 oratione,
1242 4363 1280 4426 et

175 4681 236 4738 ¹Sic
247 4685 282 4740 Ο.
299 4686 419 4741 Geticus.
439 4683 478 4741 Η.
512 4683 577 4740 ’sic
589 4683 623 4739 Ο.
640 4684 721 4738 hostio
737 4687 765 4737 st
781 4683 900 4736 bostium.
920 4677 958 4733 H.
993 4679 1058 4734 ³Sic
1076 4679 1109 4736 0.
1123 4683 1228 4737 Tarctir
1240 4678 1280 4738 H.

144 4763 203 4825 ‘So
219 4771 253 4827 0.
274 4773 349 4828 stus.
373 4771 412 4830 Η.
448 4773 608 4827 nummus.
633 4771 667 4826 0.
702 4770 785 4824 ‘Pru
809 4767 842 4825 ο.
878 4767 933 4823 tut
949 4766 1031 4824 deest.
1050 4767 1083 4825 ο.

674 4860 747 4930 21>
