3450 5800
511 816 621 869 amna
644 817 905 868 nnnnnvansrs.
1207 798 1279 873 265

142 998 294 1080 tempore
312 983 460 1057 Haraldi
477 984 595 1077 Regis.
645 983 817 1077 Tempore
835 983 1010 1055 Willelmi
1031 985 1139 1081 Regis
1160 1009 1279 1058 conse-

143 1102 262 1175 cravit¹
290 1096 540 1197 Inanndeugui¹
563 1124 620 1172 ros
637 1103 764 1184 corion,
790 1109 828 1171 et
851 1102 889 1171 in
915 1126 957 1173 ea
972 1103 1145 1174 ordinavit
1162 1102 1278 1173 Eman

142 1220 247 1291 filium
265 1216 425 1290 Gritiau³
445 1219 510 1290 sub
530 1218 725 1290 baeredibus
745 1217 908 1302 Elifluoh,
931 1218 1054 1291 Glesin
1075 1219 1137 1290 iilii
1162 1217 1279 1290 Jouan

143 1337 196 1407 filii
220 1335 401 1408 Guolicet
451 1334 623 1427 Tempore
649 1332 823 1405 Wiiielmi
847 1337 1062 1407 consecravit
1087 1335 1188 1406 Lann
1212 1338 1278 1407 mi-

143 1439 261 1549 hacgel
279 1452 325 1523 eil
340 1452 432 1535 luch,
450 1452 515 1522 sub
531 1450 725 1523 haeredibus
737 1452 867 1523 Ceheic
884 1460 921 1522 et
935 1451 1109 1548 Melguas,
1124 1460 1160 1523 et
1176 1476 1279 1546 praes-

145 1573 301 1665 byterum
318 1569 491 1641 ordinavit
508 1567 606 1651 Selif,
623 1576 662 1639 et
681 1567 777 1660 post⁴
792 1568 894 1639 illum
911 1566 1055 1639 Hcdlui.
1106 1569 1279 1663 Tempore

27 1683 28 1710 ³
147 1686 324 1771 Willelmi,
347 1686 563 1756 consecravit
585 1682 806 1778 inunguere
829 1692 867 1755 et
886 1686 924 1755 in
943 1683 1209 1779 presbyterum⁵
1226 1710 1281 1755 or-

27 1843 28 1854 *
148 1804 272 1874 dinavit
296 1800 395 1873 Audi
424 1802 536 1872 filium
561 1799 707 1884 Achess‚
736 1809 774 1873 et
798 1800 929 1872 Gulcet
957 1800 1069 1871 filium
1094 1800 1213 1884 Asser,
1242 1810 1279 1872 et

149 1928 260 2011 postca
276 1918 421 1990 Semion
436 1919 502 1989 sub
512 1915 707 1988 boeredibus
723 1917 919 1988 Gustenhin
935 1916 1008 1988 filio
1026 1916 1173 2011 Oatgen,
1191 1916 1216 1987 J
1218 1942 1280 1988 on·

27 2034 28 2038 ’
151 2035 276 2105 anfilio
292 2034 431 2130 Hecgui
457 2034 521 2105 filii
536 2032 646 2105 Asser
667 2033 733 2104 filii
752 2032 948 2105 Assennan.
998 2032 1169 2127 Tempore
1187 2032 1281 2103 Wil-

152 2150 241 2221 lelmi
257 2149 361 2245 Regis
378 2151 593 2222 consecravit
605 2149 825 2221 Lanncinitir
838 2149 1043 2234 Lannicruc,
1062 2159 1099 2221 et
1115 2151 1152 2220 in
1169 2174 1211 2221 ea
1227 2173 1282 2221 or·

151 2268 275 2339 dinavit
291 2266 412 2337 Airool
428 2268 466 2336 in
483 2267 743 2360 praesbyterum,
760 2275 798 2337 et
819 2275 899 2360 post
920 2267 1021 2338 illum
1043 2266 1156 2337 filium
1179 2290 1280 2338 suum

27 2467 28 2494 ἶ
150 2381 316 2455 Enniaun
346 2383 518 2477 Tempore
533 2381 709 2455 Willelmi
721 2383 829 2477 Regis
841 2386 1056 2455 consecravit
1069 2385 1161 2456 Cum
1174 2384 1282 2455 Mou-

148 2500 199 2583 ric,
215 2510 255 2571 et
272 2501 310 2570 in
327 2523 368 2571 ea
383 2501 556 2571 ordinavit
569 2499 771 2571 Priatturch
786 2500 824 2570 in
840 2502 1065 2585 sacerdotem,
1076 2508 1114 2572 et
1128 2501 1281 2573 Cinnum

150 2624 217 2706 post
239 2615 352 2700 illum,
375 2617 440 2688 sub
457 2616 594 2687 haerede
613 2615 758 2687 Heliam
776 2616 850 2687 filio
868 2614 1062 2688 Morbran.⁰
1111 2616 1282 2710 Tempore

150 2728 318 2803 Willelmi
328 2732 435 2827 Regis
443 2732 657 2804 consecravit
667 2730 908 2826 Lanngnranm
918 2733 1000 2803 etin
1013 2756 1055 2803 ea
1065 2733 1283 2804 ordinaverat

149 2844 273 2943 Joseph
285 2848 477 2944 Episcopus
489 2848 676 2921 Landaviae
688 2848 815 2920 Idmab
826 2849 865 2919 in
875 2849 1134 2943 praesbyterum,
1148 2856 1186 2920 et
1198 2857 1284 2922 tunc

148 2966 337 3054 pastillum
353 2967 577 3061 Hergualdus
594 2968 766 3039 ordinavit
778 2967 973 3059 Teoguaret
994 2965 1106 3036 filiurn
1119 2965 1231 3037 Gueir
1246 2968 1283 3038 in

148 3085 399 3177 presbyterum,
418 3092 455 3154 et
473 3082 571 3177 post⁴
590 3084 691 3154 illum
709 3083 823 3177 Gynbi
843 3082 954 3152 filium
971 3082 1060 3175 ejus;
1086 3092 1123 3154 et
1140 3084 1177 3152 in
1193 3091 1284 3155 tem-

148 3221 222 3291 pore
239 3200 348 3293 Regis
365 3199 546 3293 Etguardi‚
564 3201 632 3271 alia
643 3201 720 3271 vioe
733 3208 992 3271 consecraverat
1009 3199 1161 3293 ligneam
1174 3200 1286 3272 eccle-

148 3317 228 3386 siam
249 3317 382 3387 ibidem
405 3317 470 3388 sub
492 3317 685 3388 baeredibus
709 3316 837 3388 Cebeic
858 3316 932 3386 filio
956 3315 1055 3399 Eleu,
1075 3316 1188 3387 (iinon
1210 3317 1283 3388 iilic

148 3429 265 3516 Idnab,
284 3432 404 3516 Selim,
423 3432 572 3527 Ooitgur
585 3433 659 3504 filio
688 3432 808 3516 Drich,
837 3429 1002 3516 Teudus,⁷
1031 3432 1181 3504 Guidis.⁸
1240 3433 1284 3504 In

148 3546 353 3632 Iannsuluc,
375 3551 549 3620 ordinavit
564 3549 677 3621 Jacob
696 3550 809 3621 filium
825 3549 972 3643 Ambyr.
1024 3549 1069 3619 In
1091 3548 1284 3620 Lannmar·

147 3665 221 3735 thin
239 3667 414 3737 ordinavit
435 3667 581 3738 Morbui
594 3667 900 3760 inpraesbytemm,
914 3672 1043 3758 etpost
1055 3665 1157 3735 illum
1169 3663 1282 3734 filium

146 3804 245 3852 snum
259 3783 398 3855 Gunna
448 3782 619 3877 Tempore
632 3783 807 3854 Willelmi
818 3781 927 3876 Regis
940 3782 1154 3851 consecravit
1167 3778 1284 3850 Lann-

147 3921 261 3990 guenn
273 3924 358 3993 aper
367 3901 567 3971 humursub
575 3894 931 3971 haemdibusTendus⁷
955 3898 1028 3968 filio
1037 3894 1223 3979 Marchie,⁹
1245 3903 1283 3966 et

148 4013 350 4109 Catgncaun
365 4016 438 4087 filio
452 4016 639 4117 Drutguas,
653 4025 690 4088 et
705 4018 743 4087 in
756 4040 799 4088 ea
811 4014 983 4087 ordinavit
994 4012 1116 4096 Jacob,
1135 4022 1172 4085 et
1187 3995 1286 4106 port⁴

177 4268 364 4324 leemas
380 4269 464 4324 deest.
487 4267 524 4324 0.
565 4273 747 4340 ²banndepai.
772 4271 806 4326 0.
848 4271 992 4326 ⁸(batiae.
1016 4267 1050 4323 0.
1091 4268 1222 4323 ⁴Prcrter.
1249 4268 1283 4324 Ο.

144 4354 207 4409 ⁵Sic
220 4355 257 4409 Ο.
271 4358 460 4423 presbiterum.
480 4356 518 4412 H.
552 4357 639 4412 ⁶Vice
650 4375 667 4411 a
679 4359 799 4425 Tempore
814 4359 934 4412 Willelmr’
951 4358 1109 4410 maronae
1121 4357 1283 4423 Lanoproem

144 4471 251 4484 —-
262 4443 295 4496 ad
306 4443 471 4512 Hdramfilio
480 4446 616 4514 Morbrac,
629 4444 663 4500 Ο.
671 4444 753 4499 babet
763 4447 883 4512 Tempore
896 4445 1017 4508 Wa'ttdmi
1026 4445 1285 4497 wmaerootnaoo-

142 4544 237 4596 μανι,
250 4536 277 4582 ct
286 4532 316 4582 in
322 4531 511 4599 presbyteram
521 4533 654 4585 ordinavit
663 4531 832 4600 Audifilium
842 4533 948 4599 Actora,
960 4537 984 4586 et
1000 4529 1183 4597 Galietfib'am
1194 4529 1286 4597 Asacr,

136 4613 191 4678 filii
201 4619 355 4670 Amnon.
390 4618 511 4684 Ternpore
526 4620 648 4672 Willelmr'
657 4621 733 4687 Rapio
743 4619 902 4673 consecravit
912 4619 1065 4684 mandati,
1083 4617 1243 4682 donnica-ac,
1262 4623 1287 4670 et

144 4700 175 4750 iu
184 4718 217 4753 αι
227 4703 360 4757 aemon
369 4703 464 4757 Aaron
472 4706 503 4758 in
511 4706 706 4773 presbyteram,
718 4711 743 4759 et
751 4711 847 4772 preter
858 4703 1038 4774 illam,fi1ium
1050 4721 1130 4759 saum
1142 4703 1283 4758 Enniano.

145 4784 285 4842 ⁷Terrdur.
301 4788 336 4843 0.
369 4790 489 4844 ⁸Gur‘dr'r
505 4789 540 4847 0.
574 4790 704 4848 macti.
723 4791 759 4847 0.
