3450 5800
525 849 633 900 nram
657 849 916 900 muouvsusrs.
1219 835 1289 907 129

155 1041 242 1088 suam
259 1017 493 1100 melioratam,
512 1024 753 1111 cumaccepta
769 1017 976 1110 poenitentia
992 1016 1148 1108 injuncta
1163 1018 1229 1089 sibi
1245 1021 1290 1090 ad

26 1149 27 1162 ¹
154 1135 290 1205 modum
307 1135 430 1227 culpae,
448 1135 485 1204 in
503 1135 649 1226 jejunio,
669 1143 706 1204 et
723 1135 888 1217 oratione,
909 1141 946 1204 et
963 1133 1190 1228 eleemosyna,
1212 1159 1290 1228 pro-

26 1227 27 1310 l
155 1248 342 1320 miserunt.l

26 1377 27 1384 ’
198 1365 288 1437 IIII.
306 1365 441 1437 Beatus
455 1364 651 1448 Oudoceus,
665 1373 744 1458 post
756 1365 911 1437 laborem
924 1387 1026 1436 suum
1036 1366 1166 1451 sitiens,
1180 1367 1290 1462 magis

156 1483 271 1554 solitus
294 1505 422 1574 aquam
447 1481 569 1553 bibere
594 1504 699 1574 quam
725 1482 832 1552 alium
856 1482 1037 1574 liquorem,
1062 1484 1291 1574 pervenitad

157 1599 285 1669 fontem
301 1601 339 1668 in
354 1599 447 1668 valle
471 1595 667 1680 Laudaviae,
689 1621 759 1666 non
779 1597 932 1667 multum
952 1600 997 1669 ab
1014 1599 1160 1670 ecclesia
1178 1623 1290 1670 remo-

158 1723 244 1797 tum,
259 1725 300 1784 ut
314 1715 457 1796 biberet,
475 1715 608 1784 invenit
625 1713 784 1804 foeminas
800 1714 957 1784 lavantes
973 1714 1138 1808 butyrum
1154 1717 1198 1786 ad
1216 1740 1291 1787 mo-

161 1854 236 1900 rem
249 1833 371 1923 patria,
384 1840 420 1902 et
432 1831 545 1901 missis
558 1831 681 1924 legatis
699 1831 769 1901 suis
782 1838 820 1901 et
833 1831 1010 1923 discipulis
1022 1840 1064 1901 ut
1076 1833 1141 1903 sibi
1158 1855 1218 1902 vas
1234 1856 1290 1903 ac-

26 1953 27 1968 *
164 1949 436 2030 commodassent,
450 1956 492 2017 ut
508 1949 590 2017 inde
603 1970 723 2018 eorum
739 1953 858 2039 pastor
873 1955 1025 2040 potaret3
1051 1971 1127 2040 quae
1139 1944 1291 2031 ironice,²

162 2071 202 2132 ut
222 2063 295 2134 iiliae
315 2065 517 2156 iniquitatis,
544 2064 718 2146 dixerunt,
747 2062 929 2133 “Nullum
954 2064 1049 2134 aliud
1073 2087 1140 2147 vas,
1165 2073 1291 2158 praeter

162 2179 249 2248 “hoc
259 2182 349 2272 quod
362 2182 522 2251 manibus
532 2189 701 2262 tenemus,
713 2181 892 2274 (butyrum
901 2179 1078 2271 videlicet)
1088 2181 1290 2265 habemus;”

159 2305 191 2365 et
202 2305 342 2390 accepto
356 2297 432 2378 sibi,
447 2305 484 2367 et
497 2296 645 2366 formato
658 2296 703 2366 ad
715 2297 858 2365 modum
871 2295 1106 2379 tintinnabuli,
1118 2299 1170 2366 vir
1179 2300 1291 2369 beatae

158 2414 324 2482 memoriae
341 2413 473 2483 levavit
492 2435 633 2482 manum
652 2419 693 2480 ut
713 2412 794 2481 inde
811 2412 957 2492 biberet,
975 2421 1012 2482 et
1024 2413 1173 2505 potavit;
1199 2422 1237 2483 et
1254 2415 1290 2482 in

159 2527 213 2598 tali
231 2529 344 2598 forma
363 2528 541 2611 remansit,
560 2550 703 2598 aureum
721 2528 895 2609 videlicet,
917 2528 954 2597 in
973 2536 1113 2598 tantum
1129 2531 1223 2621 quod
1240 2530 1290 2598 vi-

26 2621 27 2652 ³
160 2642 328 2715 dentibus³
350 2652 496 2737 apparet
520 2667 594 2714 esse
617 2643 775 2714 fimditus
797 2645 835 2714 in
857 2667 941 2714 auro
963 2645 1156 2735 purissimo,
1180 2643 1290 2735 quod⁴

161 2761 292 2852 (naute
311 2760 398 2849 Dei)
412 2760 530 2831 abillo
544 2761 600 2830 die
616 2760 654 2829 in
670 2761 817 2831 ecclesia
829 2758 1016 2830 Laudaviae
1029 2760 1074 2829 ob
1086 2761 1290 2831 memoriam

159 2875 242 2947 beati
253 2879 319 2947 viri
337 2874 526 2948 honorifice
538 2873 757 2960 reservatur,l
770 2883 807 2947 et
824 2875 1070 2970 languentibus
1085 2883 1221 2947 tactum
1236 2881 1292 2972 (ut

161 2992 288 3085 dicitur)
308 2996 477 3065 tribuitur
493 2994 595 3065 salus.

205 3109 247 3181 V.
274 3110 440 3180 Enniaun
457 3110 537 3181 Rex
555 3110 738 3193 Gleuissic,
757 3133 837 3180 cum
855 3110 891 3179 in
911 3110 1064 3202 rupibus,
1082 3118 1120 3180 et
1139 3111 1176 3179 in
1196 3110 1292 3182 salti-

162 3224 218 3296 bus
238 3226 320 3319 Guy
336 3226 499 3310 fluminis,
519 3230 574 3322 (ut
597 3224 733 3317 solitus)
758 3227 959 3309 venebatur,
982 3250 1124 3297 cervum
1146 3228 1291 3299 miratus

164 3350 212 3411 est
237 3344 382 3413 nimium
409 3344 584 3435 quomodo
607 3352 644 3413 et
667 3343 817 3436 qualiter
839 3343 990 3414 faciebat
1015 3366 1154 3413 cursum
1179 3344 1289 3428 illum,

165 3460 376 3547 sequentibus
395 3460 538 3530 canibus
558 3483 639 3529 cum
661 3460 813 3531 clamore
832 3461 1006 3542 tubarum
1032 3468 1069 3530 et
1086 3468 1292 3530 venatorum

164 3574 303 3664 strepitu
322 3598 384 3667 per
405 3576 478 3645 ima
500 3576 720 3659 convallium,
744 3576 876 3671 (divino
900 3583 989 3645 nutu
1009 3572 1238 3668 providente,e
1254 3583 1293 3644 et

163 3690 371 3762 custodiente
397 3690 499 3761 illum
524 3716 586 3785 per
611 3691 741 3783 totum)
768 3693 879 3763 donec
904 3692 1033 3761 saltum
1057 3691 1221 3784 perduxit
1246 3690 1292 3759 ad

158 3804 299 3895 pallium
315 3806 436 3878 Sancti
453 3806 625 3892 Oudocei;
652 3817 688 3880 et
711 3809 759 3880 ibi
778 3809 901 3899 jacens
916 3808 1097 3900 requievit,
1114 3806 1290 3888 anhelans,

156 3928 192 3990 et
209 3930 317 4006 tutus;
343 3921 403 3995 ac⁷
420 3925 450 3994 si
466 3934 545 4017 post
562 3925 780 4018 naufragium
794 3926 853 4016 qui
871 3924 1068 4016 pervenerit
1080 3923 1124 3992 ad
1139 3931 1290 4015 portum,

155 4048 211 4109 aut
226 4050 307 4133 post
323 4042 506 4112 tristitiam
522 4043 582 4134 qui
599 4040 714 4112 venit8
731 4036 972 4135 ad'gaudium3
990 4040 1133 4109 remotis
1149 4046 1292 4108 venato-

154 4155 243 4227 ribus
255 4182 277 4228 a
289 4158 405 4252 longe,
420 4167 457 4228 et
470 4159 701 4229 residentibus
718 4158 823 4229 simul
836 4166 873 4228 et
885 4157 1029 4227 canibus
1044 4156 1152 4225 mutis
1164 4163 1202 4225 et
1218 4164 1291 4225 stu-

183 4441 191 4479 ¹
202 4446 378 4500 θὺαὶἰεηιίαηι
385 4452 538 4515 papatum
548 4450 618 4503 beato
629 4449 694 4515 uiro,
712 4452 737 4501 et
748 4446 936 4500 messibus
946 4445 1005 4512 ejus
1012 4445 1199 4511 proruamur,
1216 4446 1293 4509 αεᾳιιε

152 4530 224 4583 eliber
234 4533 506 4600 eodemmodern,
518 4540 543 4588 ct
554 4536 636 4588 vitum
646 4551 723 4587 mom
734 4533 895 4587 melioratum
903 4548 964 4584 oum
974 4530 1077 4597 acceptu
1083 4528 1239 4597 mitentiu
1249 4528 1292 4580 io-

148 4616 238 4679 y'uocto
248 4620 304 4673 arbi
312 4621 348 4672 od
357 4620 463 4673 modum
474 4622 555 4687 ctdpoe
566 4622 597 4675 io
608 4622 712 4689 jejunio
723 4626 747 4674 et
758 4620 883 4685 oratioue,
901 4624 925 4671 ct
936 4617 1090 4686 eleemosyna
1099 4616 1290 4684 sollicitarunt.

154 4700 186 4755 0·
218 4703 286 4761 ’Sic
298 4704 332 4759 Ο.
344 4708 468 4761 tironiae.
489 4704 527 4759 H.
562 4706 620 4761 ³Io
637 4710 764 4762 demum.
783 4706 816 4760 Ο.
852 4705 863 4743 ⁴
874 4708 945 4772 Qua.
965 4703 998 4757 0.
1033 4705 1238 4758 ⁵Rcscrountar.
1257 4698 1291 4752 Ο.

149 4786 207 4843 ‘Sic
219 4790 253 4847 0.
263 4795 433 4859 medante.
453 4792 491 4847 Η.
527 4792 593 4847 ⁷At.
614 4792 651 4848 Ο.
685 4795 697 4833 ⁸
707 4794 807 4847 Forsan
820 4810 869 4865 pro
882 4794 989 4845 uenerit.
1007 4790 1040 4846 Β.
