3450 5800
503 850 610 899 urana
635 850 896 904 nsnnsvnusrs.
1223 840 1270 911 65

28 1100 29 1111 ἢ
176 1018 430 1089 Issocssnus
444 1016 647 1109 Episcopus,
661 1038 779 1089 servus
796 1042 973 1091 servorum
987 1021 1066 1106 Dei,
1081 1025 1270 1097 venerabili

28 1156 29 1197 i
137 1137 220 1205 fratri
259 1131 397 1205 nostro¹
426 1132 573 1205 Urbano
600 1131 818 1206 Laudavensi
849 1136 1033 1232 Episcopo,
1059 1140 1272 1212 salutemet

138 1251 351 1343 apostolicam
368 1250 663 1321 benedictionem.
715 1249 1022 1334 Quemadmodum
1043 1279 1106 1349 per
1121 1255 1190 1327 alia
1206 1258 1270 1329 tibi

137 1369 252 1460 scripta
267 1366 521 1449 mandavimus,
539 1366 591 1436 ita
607 1364 815 1438 fraternitati
832 1377 912 1453 tuae,
929 1366 1010 1441 dcc?

145 1864 199 1936 Dn
214 1887 321 1937 ramo
337 1888 450 1938 srnru
468 1866 730 1938 Lsnnavsnsrs
748 1866 945 1953 Eccnnsm,
967 1890 1013 1939 nr
1029 1890 1115 1941 vrrs
1131 1870 1273 1944 Anum-

28 1982 29 1991 *
513 2004 674 2054 nrrsoom
691 1983 894 2055 Dosaron.³

184 2182 285 2254 Anno
302 2185 348 2254 ab
363 2184 602 2255 incarnatione
619 2181 764 2255 Domini
781 2186 900 2255 cuvl‘0.
924 2184 1064 2270 Lucius,
1086 2186 1272 2261 Britanno-

142 2322 207 2368 rum
229 2300 322 2383 Rex,
350 2301 395 2372 ad
420 2299 664 2371 Eleutherium
690 2302 936 2371 duodecimum
960 2304 1159 2395 apostolicae
1183 2307 1274 2377 sedis

143 2412 270 2509 Papam,
289 2417 426 2511 legatos
443 2440 531 2500 suos,
549 2417 683 2487 scilicet
700 2417 887 2501 Eluanum,
901 2426 939 2489 et
955 2417 1192 2491 Meduuinum
1208 2425 1274 2494 mi-

28 2528 29 2581 l
145 2534 188 2615 sit,
206 2532 452 2628 implorantes⁴
466 2533 573 2625 juxta
589 2534 664 2624 ejus
680 2534 965 2617 admonitionem,
982 2533 1040 2605 ut⁵
1056 2535 1274 2610 Christianus

145 2647 236 2733 fieret
251 2650 350 2743 quod
362 2650 407 2721 ab
420 2674 462 2721 eo
475 2646 700 2742 impetravit.⁶
751 2649 847 2721 Nam
860 2652 988 2744 gratias
1001 2675 1107 2744 agens
1120 2651 1198 2723 Deo
1212 2677 1274 2724 suo

145 2770 221 2857 quod
236 2769 300 2839 illa
315 2792 404 2863 gens
416 2764 508 2860 quae⁷
525 2791 546 2839 a
561 2768 674 2861 primo
691 2769 841 2860 regionis
857 2768 1053 2839 inhabitato
1065 2767 1178 2840 Bruto
1190 2794 1275 2864 gen-

145 2883 204 2955 tilis
218 2886 343 2968 fuerat,
361 2894 437 2956 tam
454 2886 616 2956 ardenter
632 2884 676 2955 ad
696 2884 803 2955 fidem
820 2883 952 2955 Christi
973 2883 1171 2968 festinabat,
1193 2911 1275 2958 con-

146 3001 209 3072 silio
221 3007 397 3074 seniorum
409 3003 504 3073 urbis
517 3001 649 3084 Romae,
659 3001 792 3094 placuit
802 3001 943 3072 eosdem
953 3001 1273 3096 legatosbaptiaari,

28 3191 29 3220 ἒ
147 3127 177 3186 et
191 3119 358 3190 catholica
370 3119 440 3189 fide
453 3127 622 3214 suscepta,
637 3117 796 3200 ordinari,
811 3116 988 3188 Eluanum
1000 3119 1038 3187 in
1051 3117 1273 3213 Episcopum,

147 3233 371 3306 Meduuinum
384 3243 503 3305 autem
516 3236 553 3304 in
566 3233 768 3304 Doctorem.
820 3232 870 3304 Et
885 3241 1028 3326 propter
1039 3234 1275 3327 eloquentiam

145 3361 176 3420 et
190 3353 365 3423 scientiam
388 3375 493 3444 quam
509 3352 546 3421 in
564 3349 678 3421 Sacris
694 3350 872 3421 habebant
889 3349 1087 3444 scripturis,
1109 3354 1273 3444 praedica-

149 3474 234 3536 tores
244 3470 285 3538 ad
297 3468 449 3539 Lucium
462 3469 499 3538 in
511 3467 730 3537 Britanniam
742 3467 870 3537 reversi
883 3475 978 3549 sunu
996 3490 1144 3559 quorum
1156 3479 1277 3541 sancta

150 3583 375 3671 praedieatione
400 3584 531 3655 Lucius
554 3592 591 3655 et
613 3584 722 3654 totins
744 3582 934 3654 Britanniae
955 3585 1123 3676 primates
1144 3586 1276 3678 baptis-

151 3719 245 3765 rnum
267 3709 494 3795 susceperrmt
525 3709 561 3772 et
586 3700 778 3770 secundum
797 3701 935 3792 jussum
959 3700 1054 3771 beati
1080 3700 1276 3770 Eleutherii

150 3811 258 3906 Papae,
276 3817 541 3889 ecclesiasticum
558 3817 716 3887 ordinem
734 3819 926 3900 constituit,
945 3817 1124 3909 episcopos
1140 3817 1276 3887 ordina·

149 3929 204 4012 sit,
231 3939 265 4001 et
290 3933 373 4005 bene
399 3935 540 4005 vivendi
565 3956 723 4005 normam
749 3933 877 4004 docuit.
930 3932 1047 4017 Quam
1072 3930 1277 4003 Christiana

175 4268 234 4324 ¹Sic
252 4271 285 4326 0.
303 4277 394 4325 nostro
411 4270 493 4326 deest.
512 4270 551 4327 H.
589 4271 654 4327 ’Ita
670 4271 785 4345 abrupte
803 4270 902 4325 desinit
918 4267 1059 4340 exemplar
1076 4267 1158 4322 MSS.
1175 4267 1281 4340 reliqna

145 4358 233 4427 pagins
248 4363 373 4413 vacante.
391 4357 425 4412 Β.
464 4357 663 4414 ³Historiolam
679 4359 789 4428 hancce,
808 4374 873 4412 curn
889 4373 988 4410 novem
1005 4355 1181 4425 sequentrbus
1197 4355 1279 4410 docn-

147 4443 243 4512 mentis‚
261 4463 299 4500 ex
311 4444 478 4516 autographo
491 4445 581 4500 codice
592 4447 622 4500 in
633 4447 783 4501 Monostico
795 4463 844 4499 sno
856 4443 979 4515 mrlgnvit
991 4441 1142 4513 Dugdalus.
1178 4441 1280 4497 Whar-

145 4533 218 4584 tonus
233 4532 301 4586 item
319 4533 349 4585 in
361 4531 463 4604 Augila
476 4531 559 4588 Sacra
576 4537 636 4603 sua,
655 4533 766 4588 eandem
783 4530 951 4586 historiolam
969 4547 984 4583 a
1001 4528 1090 4583 codice
1108 4527 1281 4598 Cottoniano,

146 4615 283 4689 Vespasian
294 4620 332 4673 A.
344 4619 402 4673 xiv.
414 4619 489 4691 typis
505 4621 623 4692 repetiit,
640 4619 766 4674 adhibitis
783 4619 865 4673 etiam
881 4617 1016 4687 excerptis
1031 4633 1046 4669 a
1062 4613 1143 4669 Libro
1161 4614 1280 4668 Laudas.

146 4699 403 4778 omnepemuus
419 4705 490 4760 inter
507 4706 567 4762 us.
581 4691 708 4778 rana.
727 4705 850 4760 Parkeri.
868 4704 903 4758 Β.
937 4703 1003 4758 ⁴sa
1021 4702 1054 4756 o.
1073 4703 1223 4769 amporam.
1243 4701 1280 4754 Η.

144 4789 201 4844 ⁵Sic
211 4791 385 4848 O.ctdeest.
404 4791 442 4846 Η.
477 4793 626 4862 ‘Impatcit
645 4793 679 4849 Ο.
714 4789 962 4862 ⁷Quaesuppletur.
981 4788 1015 4844 B.
