3450 5800
531 830 638 881 crona
663 830 921 883 cannavnusrs.
1246 816 1292 887 41

200 996 401 1067 Hononros
424 995 630 1089 Episcopus,
657 1018 774 1067 servus
799 1020 975 1067 servorum
1001 996 1080 1081 Dei,
1105 999 1294 1070 venerabili

155 1116 246 1186 fratri
265 1114 418 1186 Urbano
438 1113 657 1185 Laudavensi
678 1113 859 1209 Episcopo,
881 1116 1024 1209 ejusque
1043 1117 1297 1189 successoribus

155 1230 317 1303 canonice
334 1232 601 1313 substituendis,
623 1232 660 1301 in
681 1239 899 1325 perpetuum.
951 1233 994 1303 In
1012 1234 1180 1305 eminenti
1196 1256 1296 1327 apos-

154 1349 264 1419 tolicae
281 1350 377 1421 sedis
394 1349 538 1443 specula
555 1349 774 1443 (disponente
787 1346 954 1441 Domino)
973 1352 1163 1433 constituti,
1181 1374 1226 1420 ex
1243 1352 1295 1419 in-

147 1467 272 1557 juncto
284 1454 389 1536 nobis
402 1464 528 1548 officio,
542 1466 664 1536 iratres
681 1473 814 1536 nostros
832 1464 1022 1560 Episcopos
1035 1467 1202 1538 debemus
1218 1468 1296 1538 dili-

153 1604 246 1675 gere,
268 1592 307 1654 et
324 1582 481 1653 ecclesiis
498 1606 520 1653 a
536 1580 614 1651 Deo
635 1582 826 1652 commissis
847 1606 945 1653 suam
964 1583 1139 1675 justitiam
1161 1607 1296 1655 conser-

154 1722 249 1769 vare.
299 1698 453 1769 Proinde
469 1698 650 1769 karissime
666 1698 702 1766 in
720 1696 874 1768 Domino
890 1699 1005 1782 frater,
1024 1698 1177 1782 Urbane,
1196 1700 1298 1794 Epis-

157 1837 258 1906 cope,
284 1818 353 1886 tuis
376 1814 638 1886 rationabilibus
662 1814 953 1907 postulationibus
973 1825 1174 1898 annuentes,
1200 1818 1296 1887 beati

158 1931 269 2013 Petri,
280 1940 545 2025 sanctorumque
556 1931 789 2001 confessorum
799 1930 966 2013 Dubricii,
977 1930 1295 2016 Teliaui,0udocsi,

156 2048 425 2119 Laudarensem
434 2048 625 2130 ecclesiam,
636 2046 796 2141 cui(Deo
806 2044 961 2137 auctore)
971 2049 1141 2141 praesides,
1152 2050 1189 2118 in
1199 2072 1298 2143 apos-

153 2166 269 2237 tolicae
286 2166 381 2236 sedis
397 2164 547 2236 tutelam
564 2165 766 2256 excipimus.
818 2161 888 2233 Per
906 2166 1083 2257 praesentis
1100 2166 1207 2258 igitur
1226 2168 1296 2259 pri-

154 2282 271 2376 vilegii
285 2284 453 2376 paginam
466 2278 656 2373 apostolici
668 2281 876 2351 auctoritate
889 2282 1083 2364 statuimus,
1097 2290 1139 2351 ut
1151 2282 1298 2353 ecclesia

154 2395 292 2481 restra,¹
307 2421 392 2468 cum
410 2396 473 2467 sual
485 2398 663 2491 dignitate,
682 2398 726 2467 ab
740 2398 834 2467 omni
852 2397 1014 2469 secularis
1030 2400 1161 2469 servitii
1176 2422 1297 2493 gnava-

153 2518 245 2585 mine
259 2515 376 2585 libera
387 2522 528 2583 maneat
540 2522 577 2583 et
590 2516 716 2605 quieta
743 2513 970 2605 Quaecunque
982 2537 1064 2584 vero
1077 2517 1298 2586 concessione

156 2632 375 2725 pontificum,
398 2629 607 2701 liberalitate
626 2630 831 2723 principum,
856 2630 1032 2700 oblatione
1053 2630 1219 2713 fidelium,
1241 2631 1298 2702 vel

155 2750 227 2819 aliis
239 2748 363 2817 modis
376 2746 422 2817 ad
435 2747 582 2817 eandem
595 2746 778 2816 ecclesiam
788 2745 885 2838 juste
898 2756 935 2817 et
948 2746 1112 2816 canonice
1125 2748 1299 2838 pertinere

156 2872 359 2947 noscuntur,
387 2864 420 2935 ai
445 2862 544 2935 firma
565 2864 602 2932 in
623 2871 801 2956 posterum
825 2870 862 2933 et
885 2864 1021 2957 integra
1043 2871 1298 2935 conserventur.

157 2982 199 3052 In
221 2983 355 3075 quibus
379 2980 455 3050 haec
478 2983 625 3074 propriis
649 2982 846 3051 nominibus
870 2981 1033 3050 duximus
1058 2982 1297 3074 exprimenda3

157 3099 375 3170 landaviam
385 3098 529 3180 scilicet,
541 3121 621 3169 eum
631 3099 805 3168 territorio
815 3121 887 3180 sno,
900 3106 936 3168 et
946 3097 1296 3190 parochiaridelicet,

156 3214 436 3296 Cantrebachan,
453 3213 631 3296 Chedueli,
650 3212 804 3296 Guoher,
823 3212 997 3296 Estrateu,
1014 3213 1188 3309 Ercincg,²
1201 3213 1298 3286 Guo-

157 3329 670 3414 rnndPer‘rechnn,Gunluuuc,
683 3329 826 3413 Diuent,
839 3329 955 3413 Euius,
968 3330 1158 3401 Estrateur.
1194 3330 1299 3404 Fines

160 3445 257 3520 vero³
275 3448 515 3519 Laudavensis
535 3446 754 3541 episcopatirs
774 3448 810 3517 hi
828 3471 903 3519 esse
920 3448 1096 3530 dicuntum
1122 3448 1166 3518 ab
1182 3448 1296 3518 hostio

163 3566 425 3659 Tyuiinmare,
439 3587 574 3635 sursum
590 3587 699 3657 usqne
712 3563 836 3647 Iblain‚
851 3563 976 3634 deinde
989 3565 1035 3634 ad
1047 3562 1299 3634 Pen-douluin-

164 3681 269 3764 helio,
293 3681 337 3751 ad
351 3680 455 3752 Blain
470 3681 578 3764 bulso,
604 3680 649 3751 ad
666 3679 794 3774 Mynid
811 3682 867 3763 du,
893 3681 938 3751 ad
955 3679 1058 3750 Blain
1075 3690 1162 3760 turc,
1187 3703 1298 3771 usque

23 3821 24 3824 ’
164 3798 265 3891 Tyui,
291 3819 420 3868 sursum
445 3821 554 3890 usque
577 3797 740 3891 Cingleis.
796 3797 935 3868 Deinde
956 3795 1233 3888 Haluuguemen
1253 3795 1298 3865 ad

25 4655 27 4758 l

161 3914 266 3984 Blain
281 3915 438 4008 peurdin,
456 3915 616 3984 deorsum
631 3937 741 4006 usqne
755 3912 848 3996 ch,
862 3935 998 3984 sursum
1014 3934 1124 4002 usque
1137 3909 1296 3993 Meldon,

160 4033 204 4102 ad
217 4031 445 4112 Gauannauc,
458 4031 503 4100 ad
517 4028 603 4100 Deri
616 4033 749 4113 emreis
764 4031 808 4102 ad
825 4028 1027 4110 Chenclisti,
1045 4028 1090 4097 ad
1107 4025 1211 4096 Blain
1227 4026 1300 4096 fru-

162 4149 327 4243 tignidon,
341 4170 453 4238 usqne
465 4145 534 4216 Taf
545 4169 653 4229 maur,
666 4171 776 4240 usque
789 4145 968 4228 Ychiner,⁴
980 4166 1115 4215 sursum
1129 4141 1299 4212 Riticam-

163 4265 251 4346 bren,
263 4265 309 4334 ad
323 4262 458 4344 Haldu,
470 4263 591 4333 dinant
604 4263 760 4334 crafnant
773 4263 864 4334 arhit
876 4285 986 4353 usque
996 4259 1105 4342 Husc,
1118 4260 1186 4329 trui
1199 4259 1298 4329 huisc

165 4381 341 4452 dichilitris
355 4379 462 4450 diralt
479 4379 554 4462 luit,
569 4379 682 4450 dileeh
699 4379 822 4450 bichlit
839 4381 851 4448 i
869 4377 1081 4471 pennmarch
1094 4376 1299 4470 diguoruoid
1340 4367 1343 4370 ⁴

166 4497 335 4582 diritnant,
350 4497 389 4567 di
405 4495 540 4566 hanner
555 4495 796 4568 dinmarchtan
808 4496 986 4589 dioligabs,
1000 4495 1036 4564 di
1052 4495 1163 4564 bronn
1176 4491 1301 4563 cateir·

242 4787 379 4844 lNortra.
399 4785 436 4840 Ο.
472 4783 727 4854 ’Ertrctiu‚Erps'n.
746 4784 779 4840 Ο.
814 4785 940 4840 Martem.
958 4784 992 4839 0.
1027 4783 1158 4836 *chren
1177 4781 1210 4834 Ο.
