3450 5800
433 794 505 866 258
805 810 914 863 unns
937 808 1194 861 ninnivensm.

422 956 574 1076 ‘spiravit
590 1002 649 1050 oor
665 978 850 1071 lapideum,
861 976 1045 1071 ingruente
1062 976 1211 1069 quadarn
1228 975 1432 1049 infirmitate
1448 1000 1566 1072 corpo·

432 1100 488 1181 ris,
500 1096 647 1168 Grifudo
659 1094 749 1189 Regi
758 1092 957 1176 Britanniae,
969 1101 1007 1162 et
1024 1094 1136 1187 (utsio
1149 1090 1277 1183 dinam)
1295 1094 1404 1164 totius
1420 1092 1567 1167 Guolliae

306 1209 309 1215 ’
432 1213 571 1285 define
592 1212 773 1294 adfinem,
796 1217 833 1279 et
856 1206 1080 1279 calefactum¹
1104 1208 1255 1301 Spiritds
1278 1206 1399 1280 Sancti
1423 1209 1565 1283 fervore.

433 1330 569 1402 Videns
591 1328 698 1423 igitm
720 1326 800 1398 Rex
823 1325 917 1419 quod
940 1332 1094 1416 potestas
1117 1324 1191 1417 ejus
1214 1325 1305 1395 siout
1329 1323 1392 1397 flos
1415 1325 1509 1411 foeni,
1531 1337 1566 1399 et

432 1470 512 1519 earo
528 1453 569 1516 ut
586 1445 682 1527 einis,
699 1450 843 1514 oonatus
860 1448 914 1512 est
929 1464 992 1533 pro
1006 1440 1203 1511 transitoria
1219 1441 1412 1513 substantia
1428 1445 1566 1536 oonqui-

430 1587 508 1635 rere
523 1583 670 1656 regnum
686 1558 848 1630 floridum
865 1558 938 1629 sine
955 1579 1084 1641 ossum,
1102 1564 1140 1627 et
1156 1556 1298 1629 ooeleste
1312 1560 1482 1652 goudium
1499 1561 1567 1632 sine

430 1700 588 1761 moerore,
606 1685 644 1749 et
659 1676 812 1758 tristitia,
829 1683 963 1745 semoto
979 1673 1075 1744 omni
1092 1674 1246 1766 penuria,
1264 1674 1492 1767 semetipsum
1511 1677 1568 1747 tri·

430 1795 542 1866 buens
554 1793 717 1886 subjugo
729 1790 952 1885 poenitentiae,
966 1796 1003 1860 et
1014 1790 1188 1882 poenitens
1205 1789 1328 1861 fecisse
1345 1813 1421 1883 quae
1437 1791 1567 1864 fenerat

433 1918 554 1982 eontra
573 1908 690 1980 divina
711 1913 884 2001 praecepta
905 1905 1064 1998 promisit
1084 1928 1122 1977 se
1148 1905 1413 1977 emendaturum
1435 1907 1568 2000 jejunio

433 2035 471 2099 et
487 2025 652 2108 oratione,
670 2031 708 2094 et
724 2021 951 2116 eleemosyna,
971 2044 1053 2093 eum
1070 2021 1212 2093 diversis
1227 2020 1379 2093 metallis
1402 2025 1569 2116 praetiosis

432 2144 564 2237 largitis
585 2142 629 2212 ab
652 2139 724 2222 illo,
750 2137 838 2221 Deo,
864 2138 982 2232 egenis
998 2137 1121 2220 viduis,
1147 2145 1184 2209 et
1204 2138 1375 2231 orphanis.
1425 2137 1477 2211 Et
1502 2164 1569 2211 non

431 2262 645 2354 degenerans
668 2280 690 2328 a
712 2256 1002 2348 praedeeessorum
1026 2253 1219 2338 nobilitate,
1241 2256 1384 2347 pietate,
1406 2265 1443 2326 et
1467 2256 1570 2351 largi·

432 2383 516 2458 tate,
545 2368 670 2443 immo'
698 2372 848 2454 imitans,
876 2379 914 2441 et
941 2369 1141 2463 praecellens
1167 2370 1281 2464 rigore
1305 2378 1343 2442 et
1367 2370 1570 2445 fortitudine

431 2490 527 2561 ιιιιιι8
545 2498 668 2561 contra
687 2488 850 2560 barbaros
871 2485 1010 2580 Anglos
1032 2510 1078 2558 ex
1099 2509 1170 2557 uno
1190 2493 1299 2579 parte,
1323 2508 1458 2580 semper
1480 2488 1570 2583 fugi·

431 2609 532 2691 tiron,
549 2608 623 2678 risa
638 2606 727 2676 faeie
744 2627 806 2676 sua
821 2605 859 2675 in
876 2604 950 2674 anie
966 2602 1060 2685 belli,
1079 2600 1174 2673 tum⁴
1186 2611 1308 2673 contra
1320 2603 1570 2677 Hibernienses

431 2723 664 2797 occidentales
680 2730 718 2793 et
730 2743 866 2816 semper
878 2720 1028 2813 fugaces,
1042 2726 1120 2790 tum
1136 2726 1257 2789 eontra
1273 2719 1455 2813 indigenas
1470 2722 1571 2795 solito

431 2866 529 2914 more
550 2834 756 2922 bellicosos,⁵
779 2847 858 2908 tum
883 2844 1004 2908 contra
1026 2834 1146 2908 Dauos
1166 2835 1327 2920 marinos,
1349 2843 1429 2908 tum
1451 2847 1572 2912 eontra

432 2960 622 3032 insularum
635 2955 812 3029 Oreadum
827 2954 1055 3037 habitatorem
1081 2961 1119 3024 et
1134 2975 1271 3046 semper
1286 2955 1392 3026 versis
1410 2955 1521 3027 dorsis
1537 2958 1572 3028 in

434 3079 563 3172 fugam,
586 3081 623 3145 et
644 3073 782 3142 firmato
805 3071 935 3141 foedere
957 3070 1002 3140 ad
1023 3068 1163 3140 libitum
1185 3091 1287 3140 suum
1308 3069 1573 3163 pacificatum-

433 3191 597 3264 olamavit
609 3189 726 3258 omnia
737 3186 910 3257 territoria
927 3184 1112 3256 Laudaviae
1128 3184 1282 3256 eoelesiae
1299 3185 1396 3256 Petri
1413 3187 1570 3280 apostoli,

433 3319 470 3380 et
487 3314 684 3378 sanctorum
700 3302 934 3373 confessorum
951 3301 1120 3385 Dubrioii
1134 3300 1277 3386 Teliaui‚
1291 3310 1329 3373 et
1341 3301 1509 3387 Oudooei‚
1527 3305 1572 3376 de

434 3423 530 3497 omni
548 3419 711 3515 parochia
727 3419 883 3511 ejusdem
899 3418 943 3488 ab
959 3419 1049 3488 ostio
1065 3415 1225 3512 Taratyr⁶
1241 3441 1345 3512 super
1359 3419 1471 3512 ripam
1489 3419 1572 3515 Guy

431 3565 542 3634 usque
554 3539 599 3609 od
610 3537 723 3630 ripam
733 3529 846 3629 Tyui,⁷
858 3541 896 3606 et
908 3536 1049 3627 insuper
1059 3531 1186 3606 terros⁸
1199 3534 1354 3626 ejusdem
1368 3533 1572 3607 Lanteliau⁹

432 3680 541 3739 maur,
555 3651 727 3735 videlieet,
745 3659 782 3722 et
799 3651 899 3721 Penn
915 3650 1006 3734 alon,
1024 3673 1105 3721 cum
1121 3649 1243 3721 multis
1259 3651 1335 3722 aliis
1351 3650 1515 3735 eeclesiis,
1534 3659 1571 3723 et

432 3771 615 3844 telluribus
631 3769 702 3840 suis
718 3767 889 3852 omnibus,
907 3775 1041 3838 etcum
1062 3765 1130 3838 illis
1151 3768 1188 3837 in
1209 3765 1478 3838 Breoheinauo¹⁰
1493 3767 1569 3861 plu·

432 3890 536 3972 ribus,
553 3888 648 3958 utin
663 3885 890 3979 chirographo
908 3884 1173 3967 demonstratur,
1188 3906 1264 3976 qun
1280 3883 1454 3954 habentur
1470 3891 1569 3955 extra

432 4005 586 4076 diocesin
601 4005 639 4074 in
655 4001 857 4095 episcopatu
874 3999 994 4072 Sancti
1012 3999 1139 4083 Donni,
1157 4007 1293 4070 etcum
1309 3997 1414 4070 totou
1431 3999 1569 4093 privile·

432 4123 500 4217 gio,
517 4129 560 4191 ut
578 4118 703 4191 melius
721 4119 789 4189 fnit
804 4125 962 4211 tempore
978 4118 1268 4210 praedeeessorum
1284 4138 1434 4199 suorum,
1452 4117 1570 4208 quieta

433 4246 472 4308 et
491 4234 678 4330 tranquilla
699 4235 744 4306 ab
766 4236 861 4305 omni
881 4233 989 4327 regali
1011 4233 1160 4320 servitio,
1177 4233 1244 4304 nisi
1260 4239 1399 4303 tentum
1414 4231 1570 4304 oratione

470 4584 675 4654 wulstano.
711 4584 842 4642 ²Imoo.
878 4584 1018 4640 ormo,
1053 4585 1166 4655 *Quum
1180 4583 1214 4640 0.
1249 4582 1312 4640 ⁶sic
1324 4583 1358 4638 Ο.
1370 4585 1515 4640 Bellisone.
1531 4581 1569 4639 Η.

433 4671 763 4728 montanistarum.
782 4671 820 4727 H.
855 4673 919 4730 ⁷Sic
932 4674 965 4729 0.
979 4675 1085 4742 Tiopui.
1105 4672 1143 4728 Η.
1177 4672 1292 4728 ⁸Terrue
1308 4672 1390 4728 deest.
1408 4671 1443 4728 Ο.
1479 4671 1569 4727 noo·

434 4761 531 4815 misum
549 4757 586 4813 Ο.
621 4759 835 4816 nummum.
855 4761 889 4816 Ο.
925 4759 943 4798 ¹¹
955 4760 998 4816 Sic
1012 4760 1045 4817 Ο.
1058 4767 1120 4817 tota.
1139 4758 1177 4814 H.
