3450 5800
525 783 633 835 ursas
657 784 919 835 naunavnusrs.
1197 764 1205 775 ‘
1246 767 1295 841 23

148 954 351 1047 captivitate
369 952 556 1030 redimere,
575 957 611 1021 et
633 948 801 1042 populum
823 914 969 1021 externo
983 949 1120 1043 judice¹
1138 953 1295 1025 liberare.

150 1070 376 1165 Ingrediente
392 1067 519 1139 beato²
536 1066 695 1137 Samsoni
713 1065 822 1161 Regis
838 1066 1018 1159 palatium,
1036 1070 1212 1160 quendam
1229 1069 1298 1141 Co-

27 1214 28 1241 2
148 1190 268 1258 mitem
293 1187 346 1258 ibi
370 1186 502 1279 reperit
520 1182 812 1277 Energuminum3
838 1205 945 1274 quem
961 1185 1148 1256 benedicto
1164 1185 1243 1256 oleo
1260 1186 1297 1255 in

150 1304 234 1374 facie
258 1310 299 1373 et
323 1304 363 1372 in
385 1315 531 1393 pectore
554 1300 728 1392 perunxit,
755 1306 792 1369 et
817 1300 867 1369 sic
893 1300 937 1370 de
962 1301 1100 1371 diabolo
1126 1301 1297 1372 liberavit.

150 1419 228 1490 Rex
256 1414 361 1490 vero³
384 1440 467 1487 oum
490 1416 556 1486 hoc
579 1415 741 1496 audisset,
767 1423 805 1484 et
830 1416 924 1506 quod
948 1438 1011 1509 pro
1036 1412 1209 1487 Judualo⁴
1232 1418 1297 1488 sibi

151 1535 350 1629 supplicare
379 1535 541 1615 venisset,
572 1532 659 1602 inito
689 1552 770 1600 cum
796 1531 866 1601 suis
891 1534 1119 1624 optimatibus
1145 1533 1298 1615 consilio,

154 1655 299 1723 beatum
323 1649 534 1721 Samsonem
560 1648 665 1741 digno
685 1668 767 1717 cum
791 1645 923 1717 honore
947 1650 1108 1742 suscepit,
1127 1658 1164 1720 at
1181 1672 1301 1719 secum

27 1742 28 1827 i
155 1767 398 1861 prandendum
427 1764 638 1857 impetravit.
703 1762 840 1856 Regina
872 1786 952 1833 vero
981 1788 1063 1834 curn
1091 1759 1302 1836 Judualum⁵

27 1924 28 1935 ,
156 1886 313 1953 vinctum
330 1884 367 1951 iu
385 1904 449 1951 sua
462 1880 666 1973 captivitate
682 1886 830 1961 teneret,
843 1887 881 1949 et
894 1903 976 1950 eum
990 1880 1167 1953 dimittere
1180 1881 1301 1964 nollet,

155 2004 300 2073 beatum
313 1999 523 2070 Samsonem
540 1996 701 2090 precibus
713 1996 788 2087 ejus
802 1997 1011 2081 obsistendo,
1025 1999 1208 2092 verbisque
1221 2024 1303 2071 con·

27 2126 28 2159 ³
156 2118 350 2189 tumeliosis
367 2115 617 2207 concrepando,
636 2113 795 2195 irritavit,
813 2121 850 2183 et
867 2120 908 2182 ut
925 2137 1006 2183 eum
1022 2117 1193 2207 perderet,
1211 2140 1304 2187 mor-

27 2334 28 2337 *
155 2236 296 2305 tifemm
316 2234 384 2303 sibi
400 2231 566 2326 poculum
583 2230 797 2322 preparavit.
849 2229 1010 2323 Cumque
1023 2231 1112 2317 Rex,
1126 2242 1163 2305 et
1180 2236 1304 2305 beatus

158 2350 455 2442 Arehiepiscopus
474 2347 520 2417 ad
536 2346 748 2439 epulandum
771 2347 1016 2431 consedissent,
1040 2358 1077 2419 et
1101 2352 1304 2443 omnesqui

27 2498 28 2519 ,
158 2469 301 2537 aderant
315 2466 362 2535 de
375 2465 451 2556 ejus
463 2464 616 2534 adventu
629 2462 871 2556 gratulassent,
885 2462 1023 2557 Regina
1037 2467 1239 2560 (instigante
1253 2467 1304 2536 di-

27 2616 28 2621 ¹
157 2582 271 2674 abolo)
290 2584 331 2653 in
347 2582 440 2651 vitro
457 2602 631 2650 venenum
648 2580 728 2649 vino
745 2581 896 2662 miscuit,
913 2589 951 2650 et
963 2580 1068 2651 beato
1082 2581 1243 2652 Samsoni
1259 2582 1305 2652 ad

27 2718 28 2721 ’
157 2699 349 2771 bibendum
362 2718 541 2790 persuum
552 2691 918 2767 ministrumobtulit.⁶
949 2696 1306 2781 Tumille,diviniti1s

159 2818 324 2885 nimirum
347 2814 545 2906 inspiratus,
563 2813 653 2883 vitro
670 2812 808 2907 signum
833 2814 946 2883 crucis
967 2813 1149 2907 imposuit3
1175 2815 1306 2884 vitrum

161 2931 256 3006 vero⁷
277 2934 318 3002 in
340 2939 491 3024 quatuor
510 2939 625 3022 partes
642 2931 787 3023 crepuit,
805 2939 842 3000 et
859 2929 969 3001 effuso
987 2954 1091 3024 super
1105 2955 1212 3004 manu
1228 2939 1306 3003 ten-

161 3051 246 3120 entis
259 3070 410 3129 veneno,
422 3047 557 3118 cunctis
574 3046 800 3129 intuentibus,
818 3048 990 3139 usquead
1008 3071 1084 3118 ossa
1099 3071 1236 3123 corrosa
1252 3057 1307 3120 est

27 3257 28 3264 ἶ
160 3168 246 3236 cutis
262 3172 302 3235 et
320 3187 413 3234 caro.
465 3162 563 3234 Tunc
579 3163 703 3234 beatus
719 3161 869 3234 Samson
883 3165 944 3248 ait,
963 3164 1074 3236 “Non
1088 3175 1140 3236 est
1158 3189 1308 3237 conven-

162 3284 265 3352 “iens
284 3281 355 3350 hoc
373 3279 539 3372 poculum
556 3279 600 3349 ad
617 3279 838 3350 bibendum.”
888 3280 1043 3377 Turbato
1061 3284 1179 3376 itaque
1196 3284 1306 3378 Rege,

163 3397 366 3488 cunctisque
383 3395 644 3478 admirantibus,
662 3397 785 3468 beatus
799 3394 948 3468 Samson
964 3420 1108 3469 manum
1124 3395 1213 3471 laesi⁸
1225 3423 1308 3471 con·

167 3513 324 3606 signavit,
341 3520 443 3582 etex
460 3512 596 3606 integro
613 3513 829 3583 restauravit.
881 3512 1074 3608 Postquam
1089 3518 1309 3609 prandissent

168 3631 294 3700 beatus
305 3626 461 3711 Samson,
476 3628 576 3722 Rege
588 3630 811 3712 concedente,
825 3630 871 3700 ad
888 3629 1004 3700 locum
1021 3632 1082 3702 ubi
1098 3631 1123 3703 J
1124 3631 1309 3703 udnalum⁹

168 3741 402 3829 servabatur,¹⁰
415 3745 610 3828 festinavit;
635 3747 692 3816 cui
706 3746 844 3816 obviam
858 3744 995 3840 Regina
1007 3770 1137 3838 equum
1153 3749 1310 3818 furibun-

27 3835 29 3886 t
167 3863 263 3946 dum,
290 3869 329 3930 ut
350 3885 432 3931 eum
453 3863 651 3954 perimeret,
678 3863 882 3946 destinavit;
907 3886 1013 3955 quern
1034 3885 1120 3932 mox
1142 3859 1309 3945 electus,¹¹

166 4002 248 4050 cnm
261 4001 363 4048 cruce
376 3978 603 4072 consignavit,
622 4001 752 4086 suaque
768 3978 854 4050 sella
866 3979 1082 4071 superposita
1095 3979 1310 4061 conscendit3

167 4104 311 4188 tamque
327 4090 484 4164 mitem¹²
500 4095 677 4188 processit,
695 4096 793 4187 quasi
810 4091 954 4188 ipsum¹³
967 4094 1048 4166 Rex
1061 4094 1150 4166 Ooeli
1167 4097 1232 4167 sub
1249 4119 1312 4166 suo

27 4245 28 4288 3
165 4210 280 4282 milite
292 4211 479 4281 domuerit.
530 4209 660 4282 Adhuc
673 4212 780 4282 etiam
797 4205 1143 4283 induratnm¹⁴corde
1159 4212 1312 4284 ferocem

201 4483 335 4538 ¹Judc'cio.
352 4481 386 4538 Ο.
424 4483 548 4535 'Sancto
569 4479 603 4536 Ο.
638 4483 728 4536 ⁸Vero
740 4480 822 4537 deest.
840 4481 875 4537 0.
910 4483 1052 4536 ‘Inducb
1071 4480 1105 4536 0.
1139 4482 1314 4536 Uadandum.

168 4569 201 4623 0.
238 4570 365 4638 ‘opus
385 4567 426 4624 Η.
462 4570 553 4621 'Vero
567 4567 649 4622 deest.
668 4567 702 4622 Ο.
737 4571 827 4622 'hart
841 4567 924 4624 deest.
943 4567 976 4623 0.
1011 4567 1096 4640 Ἰνοῖ.
1115 4569 1258 4624 Juduatur.
1279 4566 1314 4621 Ε.

170 4657 345 4711 ”samum
365 4655 401 4711 Ο.
446 4653 528 4708 uDei
544 4653 654 4725 scilieet,
672 4660 705 4710 nt
722 4660 823 4728 postea.
866 4655 950 4711 l’Pro
967 4658 1048 4711 mdia.
1067 4655 1100 4710 B.
1144 4656 1261 4710 ¹⁸Ilbcu.
1280 4651 1314 4709 Ο.

171 4743 191 4772 ¹⁴
201 4741 279 4798 Forte
292 4743 343 4815 leg.
358 4744 497 4797 indurato.
517 4741 551 4796 B.
