3450 5800
536 804 642 856 ornan
666 804 923 859 nsunnrnusn.
1243 792 1291 863 93

165 982 302 1071 propter
314 976 472 1056 virtutes,
485 973 579 1065 quod
591 972 813 1043 confiteretur
823 996 895 1043 non
906 973 1035 1045 habuit.
1078 974 1219 1069 Quippe
1230 978 1292 1047 bo-

164 1116 225 1165 uus
238 1093 278 1161 in
294 1090 451 1173 infautia„
469 1090 506 1159 iu
522 1090 710 1181 juventute
725 1088 856 1173 melior,
877 1091 915 1161 in
933 1098 1113 1163 senectute
1129 1092 1290 1185 optimus.

207 1208 259 1279 II.
286 1206 360 1279 Sed
376 1230 422 1278 no
437 1205 528 1277 tanti
544 1204 608 1275 viri
630 1226 739 1298 genus
754 1212 919 1289 taceatur,
936 1207 1033 1299 qnasi
1048 1208 1228 1291 nescitum,
1245 1231 1292 1279 ex

163 1324 335 1397 nobilibus
356 1322 458 1393 illum
478 1320 680 1415 parentibus
701 1320 827 1393 scimus
849 1322 954 1393 fuisse
973 1331 1098 1406 ortum,
1120 1331 1161 1394 ut
1180 1326 1292 1396 curnis

162 1440 323 1512 nobilitas
337 1440 539 1511 honestaret
554 1458 636 1508 enm
651 1438 743 1507 inter
757 1437 925 1522 homines,
940 1439 1001 1531 qui
1016 1439 1092 1531 jam
1107 1439 1214 1511 animi
1229 1464 1292 1511 no·

162 1556 298 1627 bilitnte
309 1556 402 1649 apud
419 1553 537 1625 Deum
548 1560 624 1624 erat
640 1554 871 1647 acceptabilis.
921 1552 1023 1625 Post¹
1037 1555 1291 1628 incrementum

165 1680 285 1744 antam
301 1672 418 1752 atatis,
435 1671 605 1739 vinnom
622 1674 659 1740 et
678 1669 855 1763 sapientia
871 1692 1023 1765 congmo
1037 1672 1178 1743 nomine
1194 1671 1292 1743 Elios

165 1812 189 1860 s
204 1788 410 1881 sapientibus
431 1792 648 1879 nuncupatus
665 1792 728 1869 est,
748 1772 845 1857 Elios
860 1782 997 1857 autem²
1014 1784 1143 1870 Graece,
1165 1785 1291 1858 Latine

166 1901 231 1977 sot
248 1905 502 1997 interpretetus:
528 1902 684 1996 fulgebat
700 1901 794 1972 enim
810 1910 851 1972 ut
869 1900 930 1973 Sol
946 1902 1020 1993 ejus
1036 1903 1192 1975 doctrina
1207 1904 1292 1975 fide-

166 2019 251 2089 lium
266 2018 468 2091 illustrando
484 2018 686 2089 doctrinam.
738 2016 809 2088 Sed
829 2017 1002 2089 illiteratis
1016 2017 1214 2091 hominibus
1229 2043 1292 2091 ex·

164 2144 310 2207 tremum
323 2134 484 2206 vocabuli
500 2132 660 2227 corrupte
675 2133 937 2227 proferentibus,
949 2134 1100 2206 adolevit
1112 2136 1206 2227 quod
1220 2159 1292 2209 non

164 2252 264 2335 Elios,
281 2253 346 2323 sed
366 2250 474 2321 Eliud
489 2248 659 2344 apellatus
674 2257 738 2321 est.
787 2248 824 2320 A
842 2248 971 2322 Sancto
987 2260 1105 2323 antem
1122 2250 1291 2325 Dubrioio

164 2365 440 2462 Aruhipraesrde³
452 2367 549 2458 cujus
564 2366 741 2460 proximus
757 2388 932 2438 successor
946 2367 1074 2450 extitit,
1087 2366 1234 2462 legimus
1249 2368 1291 2439 il·

165 2484 230 2555 lum
245 2486 283 2555 in
302 2484 457 2577 pueritia
472 2484 509 2551 in
526 2480 640 2553 Sacris
656 2480 842 2575 Soripturis
858 2482 963 2553 finisse
979 2483 1162 2566 eruditum,
1179 2484 1291 2555 donec

24 2668 25 2714 p
165 2601 398 2672 cnmtandem
410 2600 499 2669 uidit
510 2606 615 2669 tantae
627 2598 751 2670 indolis
763 2620 919 2692 puerum,
931 2607 1055 2669 utnon
1066 2598 1178 2669 solum
1190 2598 1291 2671 illurn

24 2719 25 2732 ¹
165 2718 314 2789 cedern
330 2718 445 2808 seipso
456 2716 495 2785 in
510 2715 655 2785 scientis
670 2737 741 2784 non
752 2737 827 2786 essa
839 2714 1046 2796 inferiorem,
1063 2713 1124 2785 sed
1141 2713 1290 2807 (Spiritu

165 2833 285 2907 Sancto
295 2828 522 2926 cooperante)
532 2830 787 2925 Scripttuarnm
798 2832 907 2902 nodos
917 2830 1043 2903 melius
1054 2851 1172 2925 perse,
1185 2852 1291 2923 qnam

164 2949 270 3043 aliquo
286 2949 355 3020 sibi
371 2949 596 3042 magistrante
609 2948 827 3040 expediebat.
878 2947 958 3032 Quo
968 2947 1041 3018 viro
1054 2945 1204 3018 Sanctus
1216 2945 1291 3017 Du-

165 3066 291 3149 bricius,
305 3066 369 3158 qui
385 3065 562 3157 hucusque
578 3063 691 3134 brerat
703 3086 784 3134 suus
796 3072 994 3157 preceptor,
1007 3065 1136 3157 quique
1146 3063 1222 3155 jam
1237 3063 1291 3134 in«

165 3182 339 3276 telligebat
355 3203 395 3252 se
409 3201 480 3251 non
496 3202 595 3273 posse
611 3179 676 3250 sibi
691 3181 895 3274 magistrari,
908 3179 1020 3250 uoluit
1033 3188 1075 3251 ut
1091 3180 1157 3251 sibi
1173 3201 1289 3250 succe-

164 3299 256 3370 deret
266 3299 304 3370 in
314 3297 525 3392 magisterio,
539 3319 620 3366 cum
631 3318 713 3367 eum
725 3297 911 3368 excederet
922 3294 1080 3368 donnini
1090 3303 1127 3368 et
1138 3296 1289 3390 ingenio.

212 3413 280 3485 III.
304 3413 377 3485 Sed
398 3421 499 3484 tanta
519 3415 728 3507 gratiosum
747 3413 987 3495 comitabatur,
1004 3420 1191 3504 tantusque
1206 3433 1288 3482 enm

169 3530 271 3600 studii
292 3553 393 3600 saorae
419 3528 578 3600 lectionis
600 3528 714 3600 fervor
741 3528 958 3612 incendebat,
982 3536 1023 3598 ut
1048 3527 1109 3600 ille
1134 3526 1194 3620 qui
1212 3527 1288 3618 jam

168 3645 245 3716 aliis
254 3646 440 3740 magistrari
452 3653 598 3738 poterat,
612 3653 649 3716 et
660 3645 773 3716 adhuc
785 3645 989 3738 mugistmm
1001 3644 1191 3736 quaerebat3
1212 3649 1289 3711 tum

168 3763 248 3854 quia
262 3761 477 3833 subalterius
490 3761 643 3832 malebat
655 3783 729 3832 asse
741 3761 931 3855 disciplina,
945 3782 1049 3853 quam
1062 3754 1227 3829 dissolute
1239 3757 1288 3826 ri-

166 3899 252 3961 vere,
264 3879 455 3950 trnnetiom
464 3879 544 3970 quia
551 3879 753 3972 mysterium
762 3886 800 3949 et
811 3876 1023 3948 subtilitates
1033 3873 1288 3965 Scripturarum

163 3994 297 4066 volebat
308 3995 519 4089 intelligere3
536 3995 597 4065 sed
608 4017 678 4065 non
689 4015 786 4064 more
798 3992 985 4064 stultorum
995 3986 1288 4083 philosophorum,-

162 4120 200 4181 ut
218 4111 305 4182 ulios
326 4111 565 4194 confunderet,
587 4110 658 4181 imo
680 4118 722 4180 nt
742 4109 982 4180 haeretioomrn
999 4125 1129 4176 errores
1144 4101 1288 4174 confun-

161 4227 237 4299 dere
259 4235 390 4321 posset.
441 4226 609 4298 Contudit
627 4227 745 4320 itaque
765 4224 956 4296 multorum
980 4221 1135 4302 hareses,
1159 4217 1288 4288 multo·

162 4365 303 4435 rumque
320 4343 473 4414 conexit
488 4357 626 4414 errores.

194 4655 819 4730 ¹UmeriusinPrimordiissuis,p.84‚locum
830 4656 914 4712 iatum
922 4651 1024 4707 ciunt.
1059 4647 1123 4705 ²Sic
1134 4645 1286 4705 nanu.
1436 4711 1442 4727 .

165 4741 380 4812 meamea.
401 4745 434 4798 0.
