3450 5800
445 781 519 855 276
910 797 1107 850 sreuumx.

445 967 508 1038 dos
523 966 632 1049 testis,
651 963 782 1058 Nywys
797 965 907 1047 testis,
932 964 1053 1059 Gwrgi
1076 968 1185 1051 testis,
1209 967 1368 1040 dehwl
1391 972 1504 1054 testis3
1530 971 1571 1042 de

446 1082 551 1166 laicis,
582 1080 759 1175 Kynwem
784 1082 893 1164 testis,
919 1080 1089 1176 Oolhwyn
1112 1084 1222 1166 testis,
1247 1082 1439 1180 Kyhyrged
1463 1088 1570 1169 testis

446 1195 569 1268 Ermin
597 1197 706 1268 testis.
761 1195 831 1280 Qui
856 1197 1067 1282 custodierit,
1083 1196 1288 1272 benedictus
1308 1201 1384 1284 erit,
1402 1203 1462 1294 qui
1482 1202 1572 1274 frun-

447 1316 538 1386 xerit
554 1313 759 1385 maledictus
774 1313 871 1384 erit.”
945 1335 950 1346 ·

499 1547 680 1620 Hactenus
701 1549 746 1620 de
768 1545 1074 1629 Adnotstionibus,
1091 1547 1129 1616 in
1143 1547 1211 1618 hoc
1232 1550 1429 1620 venerando
1449 1551 1495 1623 ob
1516 1575 1573 1624 ve-

450 1671 618 1736 tustatem
630 1666 759 1749 codice,
777 1664 821 1736 ab
843 1663 1041 1734 hominibus
1057 1659 1398 1736 (lambro-Britannis
1415 1670 1572 1752 exemtis,

447 1803 594 1873 quamm
614 1781 726 1875 prima
746 1780 791 1852 ab
808 1779 946 1862 Gothic,
969 1777 1029 1871 qui
1051 1778 1151 1849 illum
1175 1778 1392 1854 Landavensi
1409 1781 1573 1856 Ecclesie

446 1898 592 1980 dederit,
609 1899 731 1970 ecdem
749 1897 821 1968 fere
837 1917 944 1966 manu
963 1895 1124 1966 scribitur
1138 1897 1282 1988 perinde
1297 1920 1339 1968 ac
1354 1899 1465 1972 codex
1483 1899 1575 1971 Bod-

448 2013 588 2096 leianus,
603 2014 700 2106 cujus
711 2021 795 2084 nota
807 2033 866 2082 nn.
880 2031 915 2081 n.
928 2029 968 2081 n.
983 2011 1040 2084 19.
1057 2012 1204 2103 ideoque
1216 2035 1295 2084 eum
1310 2015 1446 2086 ineunti
1458 2017 1574 2088 seculo

447 2153 539 2202 nono
551 2129 814 2222 adjudicandam
825 2149 959 2199 censeo.
1010 2127 1064 2198 Ea
1078 2151 1156 2221 quse
1172 2138 1362 2222 sequnntur
1377 2132 1472 2202 baud
1488 2135 1575 2204 mul·

446 2255 486 2317 to
510 2247 716 2318 recentiores
740 2246 910 2326 videntur,
934 2267 1006 2315 non
1028 2245 1141 2315 solum
1157 2255 1298 2339 propter
1321 2249 1575 2342 antiquitatem

447 2385 568 2433 venum
589 2361 670 2455 quie
690 2385 737 2433 ex
758 2361 827 2432 alio
848 2361 1004 2453 ejusdem
1025 2357 1260 2434 banderensis
1276 2361 1441 2436 Ecclesioe
1458 2367 1576 2437 codice

447 2477 530 2550 MS.
553 2487 690 2551 constat
712 2478 875 2549 Libiaum
898 2477 1108 2571 Episcopum
1131 2477 1393 2552 Landavensem
1412 2507 1436 2554 a
1451 2481 1575 2567 Nobis,

445 2595 541 2666 hisce
562 2595 841 2668 adnotationibus
865 2602 1105 2677 memoratum,
1130 2595 1251 2668 ordine
1274 2605 1437 2690 quartum
1462 2598 1484 2670 ὲ
1508 2600 1577 2671 rita

447 2713 620 2808 migrasse,
642 2709 741 2783 Ab.
762 2711 844 2782 929.

946 2934 1073 2949 fi*

496 3076 545 3147 Et
568 3078 611 3147 de
629 3078 752 3149 eodem
772 3074 900 3158 codice,
919 3074 980 3146 Dr.
999 3074 1138 3172 George
1154 3076 1278 3159 Hicks,
1296 3076 1333 3146 in
1350 3078 1416 3149 vol.
1434 3077 1470 3150 3.
1489 3078 1576 3173 ejus·

446 3192 526 3263 dem
543 3192 708 3265 Thesauri
720 3191 887 3287 Antiquae
899 3191 1106 3265 Literaturae
1119 3193 1416 3287 Septentrionalis,
1429 3196 1574 3290 scripsit.

446 3318 518 3364 -“
526 3308 613 3380 Haec
625 3310 776 3380 breviter
788 3310 832 3379 de
845 3308 975 3381 Sancto
986 3308 1163 3393 Theliau0,
1177 3310 1234 3380 cui
1244 3311 1392 3381 donatus
1404 3311 1491 3382 olim
1503 3324 1577 3385 erat

447 3424 568 3496 Codex
590 3424 859 3520 Evangeliorum
882 3424 1029 3497 Latinus
1044 3435 1127 3498 ante
1142 3426 1255 3497 multa
1270 3426 1395 3499 soecula
1410 3426 1577 3501 Ecclesia

447 3541 698 3613 Lichfeldensis
714 3540 899 3635 peculium.
937 3541 1061 3637 Cingal
1076 3542 1137 3613 ille
1149 3543 1347 3627 Britannus,
1363 3568 1468 3637 aquo
1481 3568 1576 3640 emp·

444 3667 502 3729 tus
512 3666 595 3742 erat,
605 3656 829 3754 gliscentibus
841 3658 951 3742 bellis,
963 3682 1044 3729 eum
1056 3659 1171 3730 forsan
1182 3682 1228 3730 ex
1240 3660 1357 3753 aliquo
1366 3663 1575 3733 monasterio

408 3810 410 3815 v
444 3774 593 3870 Angliae,
617 3778 709 3869 quod
729 3773 899 3847 Cambriae
918 3776 1071 3845 vicinum
1090 3785 1174 3859 erat,
1196 3799 1277 3846 cum
1296 3776 1372 3847 aliis
1389 3777 1573 3871 direptum,

445 3892 600 3963 vendidit
623 3890 728 3963 Gelhi
751 3892 824 3963 filio
844 3890 1036 3976 Arihtindi‚
1060 3892 1120 3984 qui
1142 3914 1224 3963 eum
1244 3890 1281 3963 S.
1297 3892 1441 3964 Teliauo
1468 3892 1573 3977 dedit,

445 4006 583 4101 ecujus
607 4006 772 4092 Ecclesia,
795 4008 1021 4103 gliscentibus
1042 4009 1170 4079 iterum
1193 4008 1305 4091 bellis,
1331 4009 1446 4079 forsan
1468 4010 1575 4081 etiam

443 4126 618 4219 direptum
640 4123 764 4217 aliquis
785 4123 924 4220 Anglus
947 4148 1028 4195 eum
1052 4124 1206 4208 abstulit,
1229 4134 1268 4196 et
1286 4124 1323 4196 S.
1345 4124 1473 4196 Ceadoe
1494 4148 1575 4197 con·

442 4243 598 4312 secrevit.
649 4240 785 4313 Verum
802 4266 870 4335 quo
886 4242 991 4312 modo
1008 4264 1144 4335 cunque
1166 4264 1221 4313 res
1235 4241 1305 4313 ista
1320 4264 1358 4312 se
1372 4240 1512 4325 habeat,
1530 4266 1575 4314 ex

442 4380 484 4429 eo
496 4357 608 4428 multa
620 4358 799 4451 descripsit
816 4357 989 4442 Showere
1003 4356 1026 4428 i
1041 4358 1166 4451 quibus
1185 4358 1279 4429 haud
1299 4358 1471 4431 absimilia
1485 4360 1576 4431 mul-

440 4482 480 4544 ta
501 4472 702 4545 Britannice
725 4476 852 4567 scripta
874 4497 1014 4546 cernere
1036 4483 1090 4546 est
1112 4475 1149 4544 in
1169 4475 1359 4547 Monastici
1376 4475 1573 4571 Anglicani,

442 4588 524 4661 Vol.
550 4608 603 4659 111.
627 4610 660 4682 p.
687 4590 767 4673 188,
791 4589 855 4661 &c
880 4614 956 4684 quac
978 4615 1024 4662 ex
1045 4589 1279 4663 [landavensis
1300 4591 1466 4663 Ecclesiae
1489 4591 1573 4663 MS.

441 4706 594 4799 Regesto
611 4707 783 4799 congessit
800 4706 1005 4778 immortalis
1022 4705 1104 4781 (tul.
1123 4704 1323 4801 Dugdalis”
