3450 5800
549 829 657 881 arnna
683 830 941 884 nsunsvansrs.
1246 820 1314 889 lll

176 1004 285 1066 tatem
311 1017 394 1065 cnm
419 1003 497 1065 toto
522 996 650 1065 mentis
675 994 803 1065 affectu
828 995 1017 1081 celebrate;
1042 999 1223 1071 ecclesiam
1251 1003 1317 1072 fre-

176 1120 355 1205 quentate3
381 1121 419 1182 et
436 1112 626 1182 secundum
643 1112 913 1204 uniuscujusque
929 1113 1133 1186 facultatem
1148 1117 1192 1187 de
1205 1127 1319 1189 vestra

176 1229 369 1299 substantia
388 1229 598 1322 pauperibus
614 1237 764 1321 erogate,
791 1230 828 1298 in
843 1230 920 1322 ejus
943 1232 1084 1303 nomine
1109 1234 1168 1324 qui
1192 1256 1320 1329 magna

176 1346 302 1438 accipit
322 1367 387 1438 pro
404 1345 527 1437 parvis,
546 1353 584 1414 et
599 1367 705 1437 parva
720 1367 783 1437 pro
798 1347 948 1440 magnis3
974 1347 1064 1418 sicut
1084 1349 1219 1442 accepit
1236 1351 1318 1422 cali-

175 1483 249 1532 cem
263 1485 364 1554 aqnae
377 1461 511 1556 frigide
524 1461 568 1532 de
580 1460 726 1532 muliere
739 1459 968 1544 Samaritana,
985 1487 1026 1533 ao
1038 1464 1067 1534 si
1080 1465 1232 1537 dedisset
1244 1468 1317 1540 auri

174 1576 272 1648 mille
287 1578 439 1660 talenta;
464 1585 506 1648 ut
522 1599 603 1648 eum
628 1577 798 1648 imitando
814 1578 851 1647 in
875 1579 976 1648 bonis
992 1581 1163 1673 operibus,
1187 1605 1320 1655 merea·

176 1693 276 1766 mini¹
289 1717 368 1764 eum
381 1695 507 1766 eodem
519 1693 657 1788 gloriari
669 1693 706 1763 in
719 1694 877 1787 supernis
888 1695 1037 1778 sedibus,
1050 1697 1236 1789 adjuvante
1247 1699 1319 1770 Do-

178 1812 276 1882 mino
297 1820 412 1882 nostro
433 1808 521 1882 Jesu
538 1809 687 1893 Christo,
714 1811 774 1902 qui
800 1833 937 1904 semper
952 1811 1048 1894 vivit,
1074 1821 1111 1883 et
1136 1822 1259 1908 regnat
1283 1816 1320 1884 in

179 1927 304 1998 saecrrle
319 1925 531 1999 seculorum.
581 1925 710 1998 Amen.

229 2043 272 2114 In
289 2043 385 2136 enjus
397 2044 471 2114 vita
486 2043 595 2115 crevit
608 2042 757 2114 ecclesia
773 2042 959 2114 Laudaviae
974 2066 1038 2136 pro
1051 2046 1237 2116 sanctitate
1249 2069 1319 2130 sna,

176 2169 249 2232 tam
271 2160 428 2230 moribus
452 2181 555 2252 quam
577 2160 744 2242 doctrina,
768 2159 806 2228 in
827 2159 981 2231 ecclesiis
997 2167 1034 2230 et
1057 2161 1239 2232 territoriis
1254 2163 1320 2233 sibi

174 2277 273 2361 datis,
306 2299 390 2346 cum
417 2276 513 2346 omni
539 2275 701 2347 libertate
725 2297 797 2358 sua,
824 2276 996 2370 dignitate
1020 2284 1058 2348 et
1082 2277 1273 2372 privilegio,
1298 2303 1321 2349 a

176 2395 332 2489 Regibus
354 2393 654 2486 contemporaneis
676 2393 746 2464 suis
763 2392 912 2464 Teudric
927 2392 1002 2463 filio
1017 2393 1203 2487 Teithpall,
1230 2395 1319 2465 Idon

175 2512 244 2583 filio
262 2511 368 2605 Ynyr
383 2507 508 2605 'guent
527 2508 687 2581 Gurcaut
703 2508 820 2593 Maur,
844 2507 1015 2592 Mailcun,
1033 2508 1156 2581 Aircol
1179 2510 1318 2595 Lauhir,

177 2629 394 2722 Catgncaun,
407 2625 576 2709 Tredecil,
591 2623 691 2708 Rein,
706 2635 743 2696 et
759 2625 882 2695 multis
893 2625 970 2696 aliis
987 2625 1152 2719 Regibus,
1166 2634 1204 2697 et
1220 2625 1321 2698 Prin-

178 2747 307 2839 cipibus
320 2743 493 2815 dextralis
505 2742 709 2826 Britanniae3
731 2750 769 2813 et
780 2742 832 2814 ita
843 2741 998 2812 ecclesiis
1010 2743 1227 2812 nominandis
1240 2765 1320 2812 cum

178 2863 242 2933 suis
259 2861 374 2945 terris,
388 2868 427 2932 et
444 2860 591 2943 dotibus,
606 2881 686 2930 oum
699 2858 825 2931 finibus
838 2857 1049 2952 subscriptis,
1063 2871 1100 2929 et
1112 2857 1321 2929 testantibus

180 2978 342 3074 legitimis
359 2978 452 3048 viris

224 3212 456 3306 Privilegium
471 3209 591 3281 Sancti
603 3209 737 3281 Teliaui
750 3218 814 3293 est,
826 3216 865 3279 et
877 3208 1031 3280 ecclesie
1043 3231 1112 3279 suae
1126 3206 1319 3292 lundoniae,
1346 3230 1349 3235 ·

178 3330 298 3400 datum
315 3329 394 3409 sibi,
421 3337 459 3397 et
475 3326 635 3398 omnibus
656 3325 909 3397 successoribus
928 3327 999 3397 suis
1023 3327 1061 3396 in
1084 3323 1277 3419 perpetuo,²
1301 3349 1323 3396 a

183 3444 335 3538 Regibus
350 3445 438 3527 istis,
455 3452 494 3515 et
510 3443 730 3537 Principibus
746 3441 945 3525 Britanniae,
963 3443 1206 3513 confirmatum
1224 3465 1323 3535 apos-

183 3560 288 3631 tolica
302 3561 508 3631 auctoritate
524 3582 605 3630 cum
622 3560 783 3630 omnibns
799 3557 935 3654 legibus
955 3560 1025 3629 suis
1045 3561 1082 3629 in
1104 3582 1143 3629 se
1162 3557 1323 3651 plenariis

185 3677 251 3747 sibi
268 3685 304 3748 et
322 3678 421 3748 terris
438 3677 508 3747 suis
525 3676 634 3747 libera
649 3675 696 3747 ab
713 3678 808 3746 omni
829 3674 955 3770 regali³
971 3676 1126 3758 serviti03
1151 3674 1226 3744 sine
1242 3697 1323 3743 con-

185 3792 269 3875 sule,
290 3794 360 3865 sine
380 3792 595 3887 proconsule,
617 3796 691 3863 sine
712 3801 887 3863 conventu
909 3794 1003 3862 intus
1027 3815 1092 3862 nec
1116 3798 1226 3872 extra,
1249 3790 1323 3861 sine

183 3911 413 4003 expeditione,
436 3910 510 3981 sine
531 3909 705 4004 vigilanda
726 3910 877 4003 regione,
903 3916 940 3978 et
965 3930 1046 3977 cum
1071 3907 1167 3977 omni
1185 3905 1324 3998 justitia

182 4048 242 4097 sua
257 4029 300 4099 de
317 4028 396 4099 fure
412 4034 450 4097 et
466 4026 570 4109 furto,
588 4026 633 4097 de
649 4027 777 4119 rapina,
795 4027 840 4095 de
855 4023 1053 4106 homicidio,
1067 4024 1111 4093 de
1123 4024 1266 4103 arsione,
1280 4023 1324 4092 de

182 4142 263 4227 rixa,
281 4144 326 4215 de
343 4144 520 4238 sanguine,
539 4143 582 4214 de
599 4142 734 4237 refugio
751 4140 880 4213 violato
891 4140 1022 4231 ubique
1034 4141 1071 4209 in
1087 4148 1180 4210 term
1192 4137 1323 4221 Sancti,

186 4258 226 4329 de
242 4258 371 4331 assaltu
388 4260 532 4341 viarum,
550 4268 587 4330 et
604 4268 704 4329 extra
720 4260 806 4342 vias;
833 4260 877 4329 de
893 4257 1052 4329 faciendo
1061 4255 1196 4349 judicio
1212 4262 1249 4325 et
1264 4277 1325 4349 pa-

189 4374 310 4460 tiendo,
332 4378 377 4449 de
398 4376 494 4446 omui
515 4370 644 4469 populo
662 4374 783 4446 Sancti
799 4374 934 4445 Teliaui
954 4375 991 4444 in
1012 4374 1108 4444 curia
1125 4372 1324 4455 landaviae3

194 4490 232 4561 de
246 4494 488 4564 communione
505 4514 601 4584 aquae
619 4499 656 4562 et
676 4492 801 4575 herba,
820 4492 934 4584 compi
950 4498 987 4561 et
1004 4489 1106 4573 silvae,
1123 4488 1253 4584 populo
1269 4512 1325 4559 ec·

388 4778 585 4835 'Mercuriali
605 4779 639 4835 Ο.
676 4781 863 4847 ²Pcrpctcnm.
883 4778 916 4831 Ο.
952 4777 1066 4845 thayni.
1085 4776 1118 4832 Ο.
