3450 5800
524 827 631 879 arnan
656 827 914 878 nannsvnnsrs.
1238 807 1286 878 99

158 998 211 1068 scd
226 997 261 1067 in
281 997 376 1066 nudo
393 993 521 1087 templi
537 995 737 1086 pavimento
752 994 925 1086 prostrati,
943 993 1057 1063 triduo
1074 1015 1194 1086 preces
1210 1015 1289 1065 scias

156 1115 448 1194 continuaverunt,
463 1111 551 1181 adeo
563 1109 718 1181 coelestia
730 1110 1016 1203 contemplantes,
1027 1112 1121 1202 qnod
1133 1119 1287 1182 terreno-

29 1275 30 1330 3
158 1252 226 1299 rum
245 1228 387 1322 peniths
412 1236 514 1298 erant
539 1227 768 1298 immemores
821 1225 962 1296 Interea
985 1233 1081 1296 totus
1101 1227 1213 1297 clerus
1233 1235 1286 1296 at-

157 1343 246 1415 tonte
254 1344 477 1438 expectabat,
492 1343 552 1435 qui
563 1351 760 1414 sanctornm
770 1365 875 1434 qnam
888 1343 1007 1413 sedem
1020 1343 1175 1415 oratione
1187 1343 1288 1414 finita

157 1461 217 1531 sibi
229 1461 406 1554 eligerent,
420 1468 461 1529 ut
478 1461 516 1529 in
528 1458 696 1529 electione
710 1459 844 1528 sedium
856 1466 1018 1528 notarent
1032 1459 1135 1552 (sicut
1147 1459 1287 1530 coelitns

159 1601 217 1670 per
227 1576 386 1671 angelum
398 1575 594 1668 praemoniti
611 1573 762 1665 fuerant)
777 1597 881 1666 quem
898 1574 1038 1644 illorum
1051 1575 1184 1645 caeteris
1200 1599 1286 1667 prte-

162 1692 268 1762 lstum
282 1693 541 1763 constituerent.
593 1691 705 1762 Erant
727 1691 821 1760 enim
846 1689 884 1758 in
906 1691 1048 1782 templo,
1070 1692 1114 1761 ab
1136 1691 1297 1782 antiquis·

164 1810 373 1901 temporibus,
398 1817 470 1878 tres
495 1807 668 1878 cathedre
689 1807 880 1878 senioribus
901 1807 1113 1889 constitntae3
1139 1808 1215 1876 duae
1236 1807 1288 1876 di·

166 1925 263 1994 rersis
282 1924 436 2007 metallis,
458 1931 496 1994 et
517 1925 605 1995 miro
627 1923 772 1994 artificio
793 1922 982 2006 fabricatae;
1012 1924 1118 1993 tertia
1137 1923 1287 2005 cedrina,

164 2039 261 2110 nichil
281 2041 390 2110 ornati
414 2040 547 2112 habens
568 2040 792 2121 extrinsecus,
817 2046 942 2131 praeter
962 2037 1029 2109 hoc
1050 2039 1143 2130 quod
1164 2047 1288 2110 natura

161 2157 302 2227 dederat.
327 2155 445 2241 Quam
457 2156 626 2227 humilem
638 2156 780 2226 humilis
794 2153 900 2224 Eliud
912 2154 1019 2248 elegit
1031 2155 1097 2224 sibi
1109 2156 1146 2224 in
1158 2155 1287 2236 sedem,

29 2335 30 2376 ,
160 2273 377 2364 pretiosiores
389 2274 581 2343 concedens
593 2272 767 2354 fratribus,
780 2272 1172 2364 propterreverentiam.
1208 2270 1289 2355 Quo

160 2389 230 2471 riso,
248 2412 371 2459 omnes
391 2389 443 2458 illi
465 2389 524 2480 qui
545 2389 698 2471 aderant,
716 2388 916 2458 ceciderunt
935 2387 973 2456 in
989 2387 1094 2458 facies
1111 2411 1189 2458 suas
1205 2395 1289 2458 ante

160 2502 319 2575 Sanctum
337 2504 454 2586 Eliud,
473 2505 637 2588 dicentes,
656 2515 675 2544 “
683 2503 796 2586 Salve,
811 2501 957 2574 Sancte¹
968 2503 1127 2574 Teliaue!
1153 2512 1190 2574 et
1206 2527 1289 2576 oon·
1336 2542 1338 2547 ·

161 2621 263 2690 “cede
283 2629 326 2690 ut
344 2620 485 2690 valeant
506 2621 605 2692 nobis
626 2629 695 2690 tuae
718 2641 837 2712 preces
859 2619 951 2712 apud
975 2617 1181 2703 Dominum;
1208 2621 1290 2712 quia

162 2735 281 2806 “hodie
295 2735 376 2829 plus
388 2738 521 2806 caeteris
534 2737 739 2808 sublimatus
753 2759 790 2806 es
803 2735 1031 2805 confratribus
1044 2736 1123 2816 tuis,
1137 2735 1290 2806 residens

161 2853 217 2923 “in
232 2854 315 2925 sede
329 2851 476 2924 Domini
493 2853 600 2924 nostri
613 2851 638 2924 J
639 2876 701 2924 esu
713 2851 852 2935 Christi,
867 2851 903 2921 in
917 2873 986 2944 qua
997 2851 1152 2944 patribus
1164 2851 1290 2923 nostris

162 2971 391 3063 “predicabat
402 2993 548 3065 regnum
559 2970 658 3040 Dei.'’
709 2968 859 3040 Sanctus
873 2991 954 3039 vcro
965 2968 1032 3038 hoc
1042 2968 1194 3051 audiens,
1209 2990 1290 3037 cunr

161 3107 274 3181 magno
292 3096 435 3179 stupore
457 3086 615 3169 srmexit,
638 3095 674 3156 et
695 3086 863 3179 prostavit
884 3108 921 3156 se
943 3086 1138 3167 interram,
1160 3085 1288 3167 dicens,

28 3254 29 3265 ,
161 3200 312 3273 “Beatus
329 3203 392 3286 vir,
410 3202 470 3294 qui
490 3226 562 3273 non
582 3202 668 3273 abiit
689 3204 726 3272 in
747 3202 890 3272 consilio
910 3201 1106 3293 impiorum,
1123 3209 1160 3271 et
1181 3201 1217 3269 in
1234 3200 1291 3271 via

163 3326 405 3408 “peccatorum
422 3341 492 3388 non
509 3319 617 3401 stetit,
636 3327 673 3387 et
692 3318 730 3387 in
746 3318 912 3388 cathedra
926 3317 1134 3409 pestilentiae
1150 3340 1221 3387 non
1237 3340 1290 3387 se·

166 3430 282 3503 “dit.”²
320 3434 371 3504 Et
387 3435 591 3504 benedictus
609 3433 778 3517 Salvator,
797 3434 856 3526 qui
873 3434 938 3504 sibi
956 3434 1073 3503 sedem
1091 3432 1165 3503 fieri
1182 3431 1290 3525 elegit

169 3545 210 3615 de
223 3546 316 3641 ligno,
334 3551 395 3642 qui
411 3574 474 3643 per
490 3550 625 3643 lignum
642 3573 839 3620 succurrere
852 3550 963 3621 voluit
975 3548 1135 3641 pereunti
1147 3548 1289 3617 mundo.

28 3738 29 3759 ,
168 3660 225 3731 Sic
239 3663 369 3737 humilis
385 3667 567 3739 humiliter
578 3664 760 3738 adorabat³
772 3666 983 3747 cathedram,
996 3666 1105 3734 immo
1117 3662 1291 3733 cathedre

28 3850 29 3853 ,
165 3801 332 3867 scssorcm3
357 3808 400 3853 eo
419 3785 511 3875 qnod
532 3793 690 3855 creatura
705 3784 942 3853 consideratur
958 3780 1132 3852 Creatoris
1149 3775 1292 3848 sedem.⁴

165 3894 262 3968 Unde
276 3902 423 3994 contigit
441 3900 533 3992 quod
554 3923 636 3970 eum
657 3908 875 3994 rogaverrmt,
893 3904 1063 3989 quatenus
1079 3896 1125 3965 ad
1144 3894 1292 3963 instruc-

28 4080 29 4093 ,
159 4014 282 4085 tionem
296 4016 468 4087 virtutum
484 4016 682 4109 parabolam
695 4016 746 4087 eis
759 4016 891 4086 diceret
908 4014 951 4083 de
964 4012 1112 4093 Christo,
1126 4019 1167 4080 nt
1184 4005 1292 4080 sicut*⁵

28 4138 29 4223 g
158 4130 250 4201 illum
267 4133 427 4203 imitatus
444 4132 556 4203 fuerat
569 4134 607 4202 in
619 4133 783 4202 cathedra
795 4129 987 4211 residendo,
1001 4150 1083 4198 eum
1095 4128 1291 4197 imitaretur

158 4247 190 4315 in
205 4248 435 4341 praedicando.
485 4248 555 4333 Qui
569 4248 689 4319 videns
701 4270 855 4319 amorem
869 4245 976 4317 divini
990 4245 1085 4315 verbi
1098 4244 1242 4339 flagrare
1255 4245 1292 4313 in

156 4365 312 4436 cordibus
325 4386 456 4448 eorum,
474 4365 562 4436 miro
574 4365 679 4435 modo
696 4364 960 4445 sollicitabatur3
986 4384 1056 4433 non
1073 4361 1165 4453 qnod
1181 4362 1292 4432 nesci·
1318 4430 1321 4435 .

157 4488 206 4549 ret
225 4481 310 4573 qnid
332 4481 483 4563 doceret,
506 4482 566 4552 sed
586 4482 770 4553 dubitabat
792 4482 884 4574 quod
905 4487 1120 4573 rogaverant,
1143 4478 1291 4571 qualiter

191 4764 441 4825 ¹Det'additur.0.
478 4770 639 4826 ²Psal.i.1.
675 4767 905 4825 Memorato.
940 4768 1041 4824 *Sada
1062 4765 1095 4821 Ο.
1130 4761 1256 4819 totae

712 4882 734 4931 Ο
