3450 5800
534 795 642 848 maun
665 796 923 848 nsnnsvnrrsra
1219 778 1290 851 221

163 969 280 1050 doceo,
294 973 332 1037 et
347 965 385 1034 in
400 985 507 1034 manu
519 962 606 1033 Nud
623 960 795 1056 Episcopi,
813 970 853 1034 et
868 963 1028 1035 omnibus
1042 965 1294 1038 successoribus

163 1085 232 1156 suis
247 1083 286 1154 in
302 1079 450 1154 eeclesia
465 1077 650 1150 Laudaviae
665 1079 702 1148 in
718 1087 896 1173 perpetuo,
912 1079 1032 1151 villam
1047 1079 1195 1166 Branue,
1212 1104 1294 1154 oum

164 1201 299 1272 duobus
319 1197 446 1270 modiis
466 1204 576 1278 terra,
600 1203 637 1266 et
659 1217 740 1266 oum
761 1193 825 1267 sua
845 1194 924 1267 tetri
937 1196 1109 1281 libertate,
1131 1199 1206 1270 sine
1220 1199 1294 1271 ullo

163 1339 270 1390 oensu
286 1314 350 1386 ulli
367 1311 501 1384 homiui
516 1320 663 1394 terreno,
679 1311 747 1382 nisi
768 1312 922 1384 eoelesiae
941 1312 1136 1398 Laudavie
1159 1322 1197 1386 et
1216 1339 1295 1410 pas-

164 1433 297 1506 toribus
324 1431 408 1524 ejus
463 1425 530 1500 Et¹
556 1449 637 1499 eum
663 1449 706 1500 ea
734 1428 831 1499 dedit
856 1452 1020 1523 eampum
1046 1431 1295 1503 monachorum

160 1551 264 1644 juxta
277 1567 408 1618 messes
420 1568 504 1638 oper
519 1544 631 1627 humr,
648 1551 686 1616 et
702 1567 782 1614 oum
798 1545 921 1617 aratris
935 1547 1007 1617 suis
1020 1547 1059 1616 in
1070 1569 1155 1640 oper
1168 1547 1294 1619 humir.

166 1665 223 1738 De
240 1663 391 1746 Cieriois,
408 1669 517 1733 testes
536 1667 619 1732 sunt
638 1659 726 1730 Nud
742 1659 944 1755 Episcopus,
962 1661 1093 1746 Conon,
1109 1661 1294 1747 Judnerth,

165 1776 404 1876 Equonimus‚²
424 1775 589 1850 Lutmin³
613 1777 658 1848 de
679 1775 957 1862 Hennlantituio‚
975 1778 1118 1850 Conenn
1137 1779 1182 1850 de
1203 1778 1295 1850 Iau-

164 1900 274 1982 sulue,
295 1894 486 1968 Maiisereu
503 1895 547 1966 de
564 1893 774 1978 Lanntimoi,
793 1893 915 1966 Eithin
932 1895 977 1965 de
993 1893 1225 1980 Garthbeuni;
1251 1896 1295 1966 de

166 2015 269 2098 laicis,
287 2011 397 2084 Hiuel
414 2011 495 2082 Rex
510 2010 602 2081 iilius
614 2010 687 2094 Ris,
701 2009 891 2095 Abraham,
905 2011 1105 2096 ciuarheru,
1119 2010 1294 2096 Salomon,

166 2131 301 2224 Cenpit
331 2127 529 2212 Cenbresel,
554 2125 748 2221 Idguallou
779 2126 971 2212 Guorhitir‚
999 2125 1174 2199 Judnerth
1202 2127 1294 2200 filius

168 2245 325 2342 Anagon
355 2243 463 2316 Meie.
518 2241 728 2336 Quicunque
753 2243 965 2327 custodierit,
994 2243 1168 2315 custodiat
1194 2241 1296 2312 illum

168 2362 275 2448 Deus3
300 2361 361 2456 qui
385 2367 505 2434 autem
525 2359 570 2430 ab
591 2358 738 2430 ecelesia
762 2359 949 2431 Laudavioe
972 2360 1189 2454 separaverit,
1214 2381 1296 2430 ana·

167 2479 283 2552 thema
297 2479 353 2552 sit

448 2802 727 2877 (GIUEILIAUG
752 2802 1015 2875 EPISCOPUS.)

517 2978 627 3050 Lanu
644 2975 954 3049 Maenorenon

215 3178 416 3251 Broehmuil
436 3176 528 3249 filius
545 3176 686 3249 Mourie
702 3178 799 3249 dedit
819 3200 883 3271 pro
898 3178 1015 3247 anima
1029 3196 1101 3259 soa,
1117 3174 1299 3247 ecelesiam

171 3294 305 3369 Sancte
321 3293 456 3378 Marte,
475 3292 564 3377 Deo,
587 3303 625 3365 et
641 3292 779 3366 Sanctis
795 3292 973 3378 Dubrieio,
990 3292 1143 3377 Teiiauo,
1166 3300 1205 3363 et
1225 3291 1300 3364 Ou-

172 3412 288 3496 dooeo,
308 3432 390 3483 eum
405 3410 518 3483 tribus
533 3409 659 3483 modiis
679 3412 753 3505 agri
776 3410 868 3481 eirea
888 3434 935 3494 se,
957 3432 1062 3503 quam
1083 3409 1214 3502 primus
1234 3409 1300 3479 im·

171 3526 374 3600 molarerat⁵
394 3528 476 3599 iiiiae
496 3550 566 3600 suae
581 3527 788 3622 virginitatis
805 3526 1024 3610 castimonie,
1042 3533 1080 3597 et
1099 3526 1138 3596 in
1157 3524 1301 3595 moniali
1388 3613 1394 3623 η

171 3644 339 3717 velamine
355 3644 527 3739 perfeetae,
544 3652 586 3715 ut
601 3644 651 3715 ibi
670 3644 845 3716 habitaret
860 3644 989 3714 dueens
1004 3642 1114 3713 vitam
1129 3662 1228 3713 suam
1242 3662 1301 3711 us-

169 3784 239 3854 quo
259 3762 304 3832 ad
326 3770 487 3834 mortem.
538 3761 626 3846 Que
643 3762 789 3855 decepta
809 3759 979 3831 diabolica
993 3756 1237 3839 admonitione,
1262 3762 1301 3827 et

168 3878 388 3973 suggestione
404 3878 548 3949 seducta
568 3885 632 3962 est,
657 3878 875 3971 opprimente
890 3897 969 3947 eam
981 3874 1100 3969 Etgaa
1113 3872 1186 3943 filio
1199 3870 1299 3955 leui,

168 4002 205 4065 et
217 4004 386 4089 eoneepta
401 3992 596 4067 incestuose
610 3996 746 4088 peperit
761 3994 882 4077 filium,
894 4015 958 4085 per
972 3992 1070 4083 eujus
1084 3996 1224 4083 parturn
1239 3988 1300 4059 de-

168 4111 275 4183 ducta
295 4120 350 4183 est
370 4112 416 4183 ad
436 4112 627 4183 interitum.
678 4110 765 4182 Post
786 4110 860 4181 haeo
882 4108 974 4179 faeta
991 4114 1046 4178 est
1061 4104 1239 4177 eontentio
1255 4104 1300 4174 de

168 4228 318 4299 eeclesia
335 4228 406 4311 illa,
431 4236 470 4300 et
484 4230 559 4322 ejus
575 4228 757 4313 territorio,
774 4228 867 4299 inter
882 4222 1080 4297 Broohnrail
1103 4229 1142 4293 et
1158 4218 1302 4315 Episeo-

168 4366 254 4436 pum
270 4343 489 4429 ciueilliaue
515 4346 731 4440 congregatis
747 4344 906 4416 omnibus
922 4341 1063 4426 olerieis,
1088 4346 1126 4411 et
1140 4338 1300 4410 omnibus

205 4659 399 4717 ¹Etdarst0.
434 4662 687 4733 ²fflm.0.
732 4666 848 4722 ’latim
865 4663 900 4721 0.
942 4659 1191 4729 *Meirpmroast
1223 4660 1300 4713 ‘Ire

168 4747 453 4805 moesto
