3450 5800
538 836 646 888 arans
671 835 930 886 nsuunvnrvsrs.
1233 819 1304 893 107

157 1005 245 1075 liaus
259 1003 452 1096 Episcopus
465 1002 601 1095 rogavit
614 999 740 1082 Deum,
755 1009 792 1070 et
805 1001 1014 1094 imprecatus
1026 1013 1080 1074 est
1092 1004 1304 1097 suppliciter,

21 1177 23 1194 .
159 1131 199 1191 ut
221 1119 352 1190 milites
368 1118 548 1190 Armorici
568 1116 725 1187 fortiores
741 1116 865 1188 fierent
885 1119 922 1187 in
940 1121 1128 1211 equitando
1144 1123 1306 1194 omnibus

152 1237 334 1331 -gentibus,
356 1244 395 1306 et
416 1235 501 1305 inde
520 1233 669 1327 patriam
689 1255 789 1304 suam
808 1242 999 1318 tuerentur,
1016 1245 1053 1306 et
1070 1236 1252 1310 victoriose
1269 1261 1307 1309 se

21 1385 22 1396 ι
158 1353 202 1424 de
218 1352 369 1423 inimicis
388 1352 459 1422 suis
478 1349 738 1422 ulciscerentur.
789 1348 838 1420 Et
858 1349 946 1421 illud
968 1351 1195 1447 Privilegium
1212 1355 1306 1446 quod

21 1519 22 1524 ,
158 1467 310 1540 Sanctus
326 1466 467 1540 'l'eliaus
485 1467 687 1558 impetravit
706 1487 728 1536 a
745 1464 898 1538 Domino
914 1468 981 1538 sibi
997 1467 1174 1554 collatum,
1193 1493 1304 1563 usque

21 1579 22 1666 ἶ
160 1585 263 1655 hodie
275 1592 458 1678 permanet
474 1583 561 1654 inibi
574 1579 782 1654 secundum1
794 1583 996 1654 testimonia
1006 1593 1044 1656 et
1056 1587 1305 1658 commentaria

21 1733 22 1736 ¹
160 1701 320 1770 omnium
336 1699 429 1770 illius
445 1700 566 1793 patriae
582 1700 767 1770 seniorum.
820 1697 913 1770 Sunt
929 1701 1024 1770 enim
1039 1698 1215 1772 Armorici
1232 1723 1305 1772 am·

162 1815 257 1908 plius
272 1817 442 1888 victoriosi
460 1818 498 1887 in
515 1817 713 1907 equitando,
732 1811 876 1908 septies²
894 1838 998 1907 quam
1014 1825 1055 1887 ut
1071 1827 1187 1888 essent
1208 1818 1305 1910 pedi-

163 1941 228 2004 tes
279 1933 416 2006 Interea
433 1934 517 2004 dum
533 1933 608 2003 haec
625 1939 818 2027 agerentur,
841 1930 992 2003 Sanctus
1007 1931 1146 2004 Teliaus
1163 1932 1306 2027 Episco-

161 2072 228 2142 pus
244 2051 392 2144 qundam
409 2051 467 2121 die
481 2049 616 2121 vocavit
637 2049 682 2120 ad
699 2073 736 2120 se
752 2049 920 2120 familiam
937 2071 1035 2121 suam
1053 2051 1134 2144 (hoc
1146 2049 1214 2141 est)
1232 2050 1305 2144 ple-

161 2166 239 2237 bem
260 2189 333 2238 saae
353 2167 490 2260 patriae3
516 2175 553 2237 et
573 2165 753 2238 conferens
770 2188 850 2236 cum
868 2167 918 2236 eis
934 2165 1145 2250 affabiliter,³
1161 2167 1206 2238 ad
1222 2165 1305 2237 ulti-

157 2305 254 2352 mum
266 2282 393 2354 intulit
406 2284 467 2366 eis,
487 2293 506 2324 “
516 2281 630 2366 Scitis,
645 2280 743 2352 filioli
759 2283 840 2366 mei,
854 2283 937 2375 quia
948 2293 1067 2354 noster
1075 2283 1159 2354 Rex
1172 2281 1305 2354 Geren-

158 2402 263 2473 “nius
279 2401 320 2470 in
335 2423 468 2495 magno
481 2398 599 2470 dolore
616 2408 831 2494 aggravetur,
849 2407 886 2470 et
901 2399 1037 2494 (angelo
1050 2400 1137 2470 mihi
1153 2421 1305 2493 pronun·

160 2526 178 2556 “
187 2515 319 2608 ciente)
333 2517 440 2588 credo
452 2515 553 2586 illum
565 2515 751 2598 exitumm,
766 2517 802 2586 in
814 2516 881 2586 hac
893 2515 1106 2599 infirmitate,
1120 2516 1164 2587 de
1176 2513 1303 2587 seculo.

160 2631 285 2703 “Nam
304 2655 390 2704 curm
406 2632 588 2703 veniebam
604 2633 649 2703 ad
664 2633 768 2704 istam
790 2633 950 2725 patriam,
972 2633 1142 2702 transiens
1157 2655 1219 2724 per
1235 2639 1305 2702 ter-

161 2759 259 2820 “rum
277 2771 391 2832 suam,
415 2747 515 2818 illum
533 2749 677 2831 visitavi,
695 2756 733 2819 et
752 2771 810 2818 me
826 2770 993 2840 meosque
1009 2747 1217 2840 quibusdem
1233 2747 1306 2816 die-

160 2866 259 2950 “bna
286 2865 498 2959 hospitando
523 2888 651 2949 secum,
677 2863 867 2937 honorifice
891 2865 1052 2957 suscepit.
1114 2861 1164 2934 Et
1187 2862 1304 2957 pepigi

162 2982 248 3065 “illi,
271 2984 484 3077 promittens
504 2983 540 3053 in
563 2982 717 3053 Domino
735 3005 804 3052 non
821 2983 975 3052 visurum
999 3005 1036 3052 se
1056 2988 1216 3063 mortem,
1240 3002 1306 3051 nec

164 3108 292 3170 “suum
309 3098 478 3168 ultimum
496 3100 598 3181 diem,
617 3100 726 3169 donec
740 3121 865 3192 eorpus
882 3097 1026 3168 Domini
1042 3122 1065 3168 a
1079 3122 1137 3168 me
1154 3098 1306 3192 suscipe-

163 3224 251 3297 “ret
269 3224 308 3287 et
324 3214 376 3285 sic
393 3213 438 3286 de
454 3215 585 3287 mundo
601 3216 723 3286 exiret.
775 3214 972 3308 Praeparate
988 3215 1096 3309 igitur
1111 3214 1211 3286 nobis
1227 3238 1305 3285 nos-

164 3340 184 3369 “
195 3340 281 3401 tram
297 3330 426 3411 navim,
440 3339 481 3401 ut
497 3354 561 3424 per
573 3332 725 3403 divinam
742 3332 923 3403 scientiam
940 3332 1001 3402 diu
1017 3331 1116 3402 nobis
1133 3332 1305 3403 desidera

169 3445 309 3529 “bilem,
335 3456 374 3518 et
400 3446 569 3518 divinitus
594 3449 808 3541 promissam,
836 3448 1006 3541 possimus
1031 3450 1218 3541 repatriare
1243 3444 1305 3518 ad⁴

172 3562 346 3633 “nativam
363 3563 545 3657 patriem.''
595 3562 794 3657 Praepuratt
816 3561 952 3657 itaque⁵
965 3562 1094 3659 magnis
1106 3562 1211 3635 barca
1227 3587 1305 3656 per-

171 3678 320 3769 actisque
343 3688 479 3773 septem
505 3682 603 3751 annis
628 3704 669 3751 ac
694 3690 829 3774 septem
846 3681 1032 3763 mensibus,
1051 3704 1137 3773 quos
1155 3680 1306 3751 Sanctus

169 3791 304 3864 Telinus
323 3793 485 3867 duxerat⁶
507 3796 545 3865 in
566 3795 830 3868 Armoricorum
851 3798 974 3891 patria,
1000 3797 1143 3867 intravit
1168 3797 1205 3865 in
1227 3818 1305 3865 eam

165 3933 243 3981 curn
270 3911 388 3984 multis
418 3913 627 3997 doctoribus,
658 3922 695 3985 et
721 3916 927 4007 quibusdam
953 3912 1029 3983 aliis
1055 3912 1233 4004 episcopis,
1261 3911 1306 3983 de

163 4028 285 4119 quibus
311 4052 398 4123 gens
419 4028 666 4100 Britannorum
690 4031 734 4101 de
759 4031 944 4101 sanctitate
965 4037 1045 4121 post
1071 4027 1306 4120 pestilentiam

163 4140 397 4215 recrearetur.⁷
448 4143 497 4214 Et
513 4152 597 4217 tunc
609 4148 773 4240 praeoepit
789 4148 870 4230 suis,
884 4148 1011 4227 dicens,
1025 4143 1181 4214 “Tollite
1194 4144 1306 4216 vobis-

163 4258 289 4329 “cum⁸
304 4261 402 4330 hune
421 4262 681 4357 sarcophagum,
703 4271 744 4334 ut
762 4265 800 4333 in
816 4287 898 4335 eum
921 4285 1045 4356 corpus
1062 4259 1204 4332 Gerenii
1224 4284 1306 4332 con-

21 4420 22 4487 }
164 4375 380 4449 “deretur.''⁹
431 4375 481 4447 Et
501 4380 710 4451 admirantes
733 4380 906 4463 dixerunt,
933 4380 1015 4473 quia
1039 4401 1109 4449 non
1133 4385 1304 4471 poterant,

198 4612 362 4667 ¹Sccundr1m
376 4615 459 4669 deest.
479 4616 513 4670 0.
550 4617 759 4685 'Septiesdcest
778 4617 812 4671 0.
847 4617 1016 4684 lqffabiliter
1027 4616 1109 4669 deest.
1123 4614 1155 4669 Ο.
1191 4612 1304 4669 ⁴1n.0.

162 4698 278 4766 5Ιςίίιιν.
291 4699 325 4755 Ο.
361 4702 507 4756 ⁶Drarcrct
519 4702 600 4758 deest.
616 4704 657 4757 0.·
686 4705 871 4760 lllecrcnrcat.
890 4704 924 4758 Ο.
958 4703 1129 4757 ⁸Nclriacam.
1147 4702 1181 4756 Ο.
1216 4701 1306 4755 ⁹Oon·

21 4782 23 4871 g
162 4785 313 4840 mo.

728 4902 749 4950 P
